2398 3968
334 139 426 193 INST.
446 137 599 191 ARITHM.
618 137 644 195 1,
665 135 706 188 n,
964 134 1007 198 33

56 313 219 391 compositus
233 313 269 372 sit
280 319 307 372 et
319 311 466 371 secundus
483 315 511 368 et
527 307 647 368 alterius
661 312 807 388 recipiens
820 312 1006 374 mensionem

56 405 131 476 atque
144 397 210 456 ideo
226 406 254 458 et
268 397 360 476 partis
375 394 464 456 alieni
479 392 613 454 vocabuli
634 413 741 472 capax,
764 397 816 458 sed
832 414 900 458 cum
917 395 1008 454 luerit

55 481 85 541 ad
107 480 188 542 alium
212 481 342 543 eiusdem
368 481 487 557 generis
508 495 666 539 numerum
694 490 897 562 comparatus,
929 477 1005 540 nulla

57 585 111 626 cum
137 585 170 627 eo
200 566 349 626 communi
375 582 513 625 mensura
541 564 743 641 coniungitur;
775 584 830 628 nec
856 564 1008 627 habebunt

57 659 140 728 partes
159 653 346 730 aequivocas;
365 652 403 710 'ut
423 657 492 708 sunt
515 648 610 710 ·Vllll·
634 649 669 709 ad
695 650 790 712 ·XXV·
845 649 931 712 Nulla
953 651 1034 709 boso

57 737 202 796 communis
217 752 412 796 numerorum
429 751 567 794 mensura
583 731 718 804 metitur,
737 737 793 796 nisi
808 733 885 796 forte
900 737 1006 804 unitas,

58 838 118 898 quae
136 822 267 880 omnium
283 837 476 880 numerorum
492 833 630 880 mensura
647 823 812 880 communis
827 828 881 881 est.
927 821 963 880 Et
978 819 1009 878 nt

58 905 156 981 quidem
185 923 246 964 non
276 905 388 964 babent
412 905 588 980 aequivocas
614 912 722 982 partes.
774 907 849 966 Nam
874 923 950 984 quae
979 904 1008 963 in

59 989 139 1050 ·Vllll·
155 991 241 1050 tertia
264 1001 322 1056 est,
354 991 383 1048 in
408 989 503 1049 XXV·
526 993 664 1059 nonest,
697 999 726 1049 et
752 1007 826 1068 qnae
854 1000 884 1051 in
913 989 1008 1074 'XXV‘

59 1075 141 1151 quinta
156 1083 213 1142 est,
241 1076 271 1134 in
288 1075 447 1136 novenario
469 1089 528 1132 non
550 1080 603 1133 est.
648 1075 726 1150 Ergo
748 1075 778 1135 bi
799 1094 854 1156 per
874 1082 1008 1140 naturam
1024 1091 1048 1128 1o

59 1162 158 1236 utrique
172 1159 296 1220 secundi
312 1167 341 1218 et
357 1159 512 1236 compositi
534 1166 614 1228 sunt,
643 1161 805 1238 comparati
826 1179 896 1222 vero
920 1161 955 1220 an
978 1177 1009 1239 se

58 1242 164 1304 invicem
179 1246 271 1323 primi
286 1245 534 1322 incompositique
555 1243 736 1313 redduntur,
765 1247 843 1323 quod
869 1253 1010 1323 utrosque

59 1327 122 1387 nulla
142 1327 195 1388 alia
212 1345 352 1390 mensura
369 1330 505 1399 metitur,
528 1329 582 1387 nisi
598 1330 708 1399 unitas,
732 1349 807 1408 quae
824 1331 861 1392 ab
876 1332 1009 1407 utrisque

58 1410 226 1474 denominata
255 1421 311 1482 est;
341 1431 410 1474 nam
432 1415 462 1472 iu
484 1415 644 1473 novenario
667 1432 744 1474 nona
765 1423 828 1486 est,
860 1418 889 1475 in
914 1415 1009 1477 ·XXV·

59 1497 175 1558 vicesima
191 1500 306 1578 quinta.
1026 1513 1050 1553 15

59 1686 93 1741 lle
111 1693 194 1758 primi
220 1697 249 1745 et
275 1691 456 1760 incompositi
484 1697 511 1744 ct
540 1693 660 1746 secundi
689 1697 716 1746 ct
742 1693 891 1761 compositi
916 1697 943 1745 ct
974 1691 1013 1746 ad

31 1847 33 1858 Ι
59 1777 202 1844 sequidem
218 1776 344 1830 secundi
358 1781 385 1830 ct
400 1778 560 1844 compositi,
590 1775 629 1830 nd
653 1779 778 1832 atterum
799 1792 866 1832 ocro
879 1777 970 1847 primi
984 1782 1011 1830 ct

318 1862 499 1930 incompositi
517 1865 731 1930 procreatione.

110 2005 189 2068 XVll.
238 2008 395 2068 Generatio
422 2014 520 2068 autem
542 2009 674 2085 ipsorum
697 2017 784 2088 atque
807 2015 889 2067 ortus
910 2009 1011 2067 buius·

31 2093 32 2144 i
60 2090 124 2148 modi
137 2093 363 2168 investigatione
384 2091 546 2170 colligitur,
570 2111 658 2170 quam
674 2092 786 2153 scilicet
801 2092 1012 2152 Eratosthenes
1026 2107 1051 2145 20

31 2225 32 2230 ,
60 2172 173 2236 cribrum
203 2177 392 2247 nominabat,
424 2177 502 2257 quod
534 2180 647 2237 cunctis
676 2176 830 2254 inparibus
859 2176 889 2235 in
916 2175 1013 2235 medio

61 2258 201 2322 conlocatis
232 2279 288 2338 per
317 2279 381 2322 cam
411 2280 499 2342 qnam
529 2261 667 2322 tradituri
693 2277 795 2320 sumus
824 2266 933 2330 artem,
965 2261 1013 2339 qni

61 2343 134 2415 primi
153 2349 239 2422 quive
261 2346 383 2406 secundi
404 2349 513 2427 quique
536 2347 615 2405 tertii
638 2347 755 2424 generis
775 2345 929 2405 videantur
949 2363 1014 2406 csse

31 2501 32 2506 ἵ
61 2423 244 2507 distinguitur.
284 2431 484 2511 Disponantur
500 2432 578 2491 enim
595 2447 610 2490 a
627 2431 757 2491 ternario
773 2447 899 2490 numero
915 2431 1014 2490 cuncti

60 2508 83 2566 in
102 2515 231 2576 ordinem
253 2519 374 2594 inpares
394 2518 425 2576 in
446 2515 609 2595 quamlibet
628 2516 828 2594 longissimam
848 2517 1053 2596 porrectiogco

31 2637 32 2658 i
61 2610 124 2658 nem.
172 2599 222 2661 lll.
255 2602 288 2661 V.
321 2601 379 2662 Vll.
414 2601 499 2662 Vllll.
525 2601 573 2661 Xl.
602 2601 675 2662 Xlll.
704 2601 763 2662 XV.
787 2600 872 2662 XVll.
899 2596 1019 2662 xviiii!

31 2663 121 2740 lxxi.
155 2684 256 2745 xxiii.
294 2685 378 2747 xxv.
417 2684 528 2748 xxm.
564 2685 703 2747 xxvnn.
742 2685 843 2746 xxxi.
884 2685 1013 2746 xxxin.
1115 2721 1116 2725 κ

116 2871 128 2916 1
148 2875 192 2920 est
204 2871 217 2920 f
224 2889 231 2934 ;
251 2873 288 2921 sit
300 2878 325 2922 et
336 2888 418 2936 snpra
428 2889 527 2924 versum
540 2878 582 2922 est
596 2889 617 2922 s.
638 2868 651 2938 ss
671 2874 844 2923 mansionem
858 2887 881 2920 c.
936 2875 951 2921 2
971 2888 1015 2923 ca·

63 2941 201 2992 paxests.
262 2939 414 2990 4habebit
432 2957 452 2993 r.
513 2943 671 3004 8Namque
691 2941 753 3005 a,l.
812 2942 845 2989 14
862 2955 926 2989 nam
943 2955 1040 3008 quse¹

64 2997 82 3075 fi
98 3017 119 3064 ⁸3
144 3019 215 3070 quae
237 3023 318 3072 snpra
335 3024 500 3064 sensumsec.
519 3025 550 3061 m.
570 3009 600 3071 d;
624 3024 688 3058 nam
708 3023 774 3072 que,
795 3010 906 3070 lineola,
931 3025 1015 3072 picae

64 3080 83 3114 ot
101 3084 130 3120 ae
152 3082 276 3136 nmtatnr,
305 3092 393 3136 erasa,
412 3076 436 3138 l;
468 3093 531 3126 nam
559 3093 640 3141 snpra
661 3092 773 3139 versum,
802 3091 874 3140 quae
902 3079 1017 3126 seconcia

64 3148 123 3186 nonu
138 3143 268 3196 additor.
341 3147 372 3197 16
390 3144 533 3209 Inscriptio
555 3145 581 3196 in
603 3147 716 3209 marpine
734 3146 826 3208 tepitnr
845 3146 872 3194 in
894 3143 920 3195 d.
946 3141 957 3208 ΙΙ
989 3150 1018 3194 et

64 3207 162 3258 secundi
182 3214 210 3258 et
229 3215 374 3277 compositi
392 3229 438 3265 om.
458 3229 484 3273 c,
503 3213 533 3276 d,
552 3213 576 3276 1,
594 3228 620 3275 r,
641 3229 666 3275 s;
686 3228 768 3276 snpra
785 3229 882 3263 uersum
900 3211 927 3263 b,
944 3209 955 3278 ll
975 3213 1018 3260 in-

64 3277 196 3338 compositi
213 3282 241 3328 et
260 3281 375 3330 secundi
394 3284 421 3330 et
440 3297 485 3332 om.
506 3298 530 3334 a.
602 3283 633 3331 17
653 3285 681 3330 et
700 3280 818 3330 alterum
836 3281 862 3331 b.
892 3276 903 3344 ll
934 3279 1018 3329 alter·

64 3340 136 3414 ¹1qu
157 3360 180 3392 c·
210 3342 222 3412 ll
254 3363 321 3399 vero
344 3347 428 3404 om,l.
499 3352 530 3399 at
549 3349 706 3400 nominavit
724 3349 743 3403 f,
818 3350 850 3398 22
870 3362 951 3410 quam
970 3363 1016 3396 cna.

31 3449 32 3468 ÷
65 3418 87 3467 ³¹
102 3424 126 3474 1’3
148 3427 228 3477 Supra
246 3433 343 3466 versam
361 3418 387 3466 cl.
458 3417 736 3482 aequivocorum,
756 3431 784 3478 c,
805 3432 828 3468 ι,
856 3411 867 3481 ll
901 3429 960 3464 esse
979 3412 1020 3462 vi·

31 3485 32 3552 j
65 3470 166 3528 deantur
184 3497 205 3534 s.
276 3487 310 3535 at
328 3485 535 3551 distinguuntur
553 3502 573 3535 r.

31 3593 33 3690 p
89 3574 214 3619 Bosrms.
660 3600 668 3610 κ
795 3569 812 3624 3
