2426 4002
333 251 425 306 INST.
444 251 596 303 ARITHM.
615 253 643 316 1,
662 255 703 306 27.
965 252 1008 316 55

46 423 218 502 progressio,
247 429 280 483 ut
307 421 420 500 primus
446 423 573 501 primum
596 422 692 484 tribus
714 431 848 502 superet,
876 430 908 483 ut
929 423 1004 485 ·llll·

44 509 188 578 unitatem,
216 507 365 568 secundus
388 506 550 569 seeundum
573 509 690 568 senario
719 508 830 578 vineat,
866 515 898 568 ut
921 507 1004 568 ο11111-

45 592 197 660 binarium,
219 593 326 653 tertius
347 593 468 652 tertium
489 593 649 653 novenario
670 600 815 660 transeat,
843 602 874 652 ut
895 591 1006 653 dnode-

44 679 133 738 narius
153 678 335 745 ternarium,
358 683 388 736 et
409 683 568 756 sequentes
591 676 757 739 summulae
774 679 864 738 trium
881 696 919 738 se·
928 693 1005 738 sem·

44 780 89 838 per
102 761 216 822 adiecta
233 761 396 840 quantitate
411 760 600 822 transsiliant.
644 761 678 822 llt
698 763 723 822 si
739 762 804 840 quis
820 761 1004 823 subteriores
1018 779 1031 820 a

44 848 154 926 aspiciat
177 844 319 924 angulos,
345 845 424 907 idem
445 863 500 925 per
521 864 624 907 omnes
645 845 866 926 multiplicitatis
892 846 1007 925 species

44 930 185 1010 usquead
207 930 368 1008 decuplum
390 930 612 1009 dispositissima
637 931 825 992 ordinatione
845 931 1006 1008 perveniet.

43 1015 69 1075 st
83 1017 146 1094 quis
161 1033 234 1076 vero
249 1016 280 1075 in
297 1015 352 1076 hac
372 1013 570 1093 descriptione
589 1014 870 1096 superparticularis
892 1016 1008 1093 species

43 1101 180 1176 requirat,
203 1097 255 1160 tali
277 1100 366 1161 modo
389 1101 548 1179 repperiet.
593 1101 623 1161 Si
640 1102 719 1162 enim
735 1099 897 1161 secundum
913 1117 1007 1178 angn-

43 1183 95 1246 lum
109 1191 202 1254 notet,
220 1185 305 1245 cuins
320 1192 364 1245 est
377 1185 492 1246 initium
509 1187 725 1264 quaternarius,
742 1186 828 1264 eique
842 1186 1008 1265 superlatet
1022 1205 1048 1243 ro

42 1268 182 1339 binarius,
204 1277 292 1348 atque
312 1269 348 1329 ad
369 1269 448 1330 hunc
468 1276 642 1347 sequentem
659 1272 724 1348 quis
739 1271 943 1330 accommodet
958 1288 1023 1344 or2

42 1354 147 1424 dinem,
172 1352 355 1431 sesqualtera
378 1355 531 1433 proportio
555 1352 762 1416 declarabitur.
813 1355 886 1416 Nam
903 1345 1008 1417 tertius

41 1438 156 1499 secundi
177 1455 283 1498 versus
298 1437 463 1517 sesqualter
478 1448 539 1508 est,
565 1446 597 1499 ut
619 1440 678 1500 ·lll·
696 1440 733 1500 ad
750 1440 812 1510 ·11·‚
834 1439 879 1500 vel
897 1440 953 1502 ·Vl·
971 1439 1008 1500 ad

43 1523 123 1592 llll,
146 1521 193 1583 vel
215 1522 313 1584 ·Vllll·
336 1524 371 1583 ad
390 1525 445 1585 ·Vl·
464 1522 506 1584 vel
525 1523 597 1584 ·Xll·
615 1524 651 1584 ad
668 1524 750 1584 ·Vlll·
767 1526 896 1602 itemque
911 1527 941 1584 in
958 1543 1007 1586 ce·

42 1609 119 1676 teris,
143 1609 208 1688 qui
218 1617 287 1668 sunt
302 1608 332 1668 in
348 1608 451 1670 eadem
467 1609 543 1668 serie
560 1611 691 1678 numeri,
717 1611 741 1669 si
756 1609 821 1669 talis
838 1611 1005 1686 coniugatio
1020 1627 1045 1668 rs

41 1694 209 1763 misceatur,
226 1691 307 1752 nulla
323 1693 472 1754 varietatis
488 1692 693 1754 dissimilitudo
710 1693 864 1773 subripiet.
896 1693 1007 1772 Eadem
1032 1761 1035 1766 ¹

40 1786 132 1838 tamen
154 1795 341 1838 summarum
363 1779 567 1856 supergressio
590 1785 635 1840 est
657 1780 686 1838 in
703 1779 760 1839 hoc
776 1796 909 1858 quoqne,
931 1795 1007 1858 qnae

40 1864 66 1920 in
76 1859 246 1940 duplicibus
263 1861 327 1924 tuit.
363 1863 480 1924 Primus
493 1865 571 1923 enim
585 1865 730 1941 primum,
754 1863 783 1924 id
800 1871 844 1924 est
859 1861 1015 1924 ternarius

40 1945 192 2016 binarium,
208 1965 270 2008 uno
291 1954 427 2027 superat,
450 1947 598 2009 secundus
613 1967 684 2010 vero
700 1949 863 2009 secundum
881 1948 1006 2014 duobus,
1056 1950 1083 2016 a

41 2033 137 2092 tertius
159 2033 282 2093 tertium
303 2031 398 2093 tribus
419 2040 447 2093 et
468 2033 616 2111 deinceps,
662 2033 692 2094 Si
707 2051 777 2094 vero
794 2041 916 2112 quartus
932 2033 1046 2112 ord-osso

41 2117 118 2175 tertio
136 2125 343 2195 comparetur,
355 2185 356 2188 Ἴ
370 2125 401 2178 nt
424 2117 496 2178 ·llll·
514 2118 549 2178 ad
568 2117 628 2179 ·1r1·
651 2127 681 2180 et
702 2118 805 2180 eodem
823 2129 937 2179 eeteros
959 2134 1007 2176 or·

39 2199 100 2260 dine
124 2203 323 2272 consecteris,
355 2203 540 2281 sesquitertia
566 2204 748 2280 comparatio
774 2201 945 2279 colligetur,
975 2208 1009 2259 ut

40 2284 106 2346 1111·
123 2286 162 2347 ad
179 2285 239 2347 ·lll·
257 2286 303 2348 vel
319 2286 401 2348 ·Vlll·
419 2287 454 2347 ad
473 2288 528 2349 ·Vl·
546 2295 575 2348 ot
592 2288 664 2348 ·Xll·
682 2287 717 2348 ad
736 2286 833 2348 ·Vllll·
879 2285 1008 2346 Videsne

40 2377 67 2428 nt
90 2371 127 2430 in,
150 2371 290 2432 omnibus
316 2372 361 2432 his
383 2373 569 2451 sesquitertia
593 2373 775 2450 comparatio
797 2369 1007 2430 conservetur?

39 2454 194 2516 Praeterea
210 2473 275 2524 eos,
293 2459 343 2534 qui
358 2455 413 2517 snb
429 2458 501 2535 ipsis
516 2465 601 2526 sunt,
620 2457 645 2516 si
659 2455 738 2516 idem
753 2455 866 2516 iaciens
881 2473 1007 2535 sequen·
1020 2473 1047 2514 aa

39 2546 77 2598 tes
90 2549 199 2601 versus
218 2537 368 2601 alterutris
383 2543 616 2620 comparaveris,
639 2557 742 2601 omnes
763 2541 827 2602 sine
843 2539 903 2602 ullo
924 2543 1007 2620 iupe-

39 2621 165 2684 dimento
182 2625 299 2702 species
315 2625 592 2705 superparticularis
608 2642 759 2703 agnosces.

93 2708 159 2770 Hoc
187 2716 286 2770 autem
313 2711 343 2770 in
369 2710 425 2772 hac
452 2718 497 2771 est
526 2711 718 2788 dispositione
748 2711 895 2780 divInum,
926 2710 1007 2790 qnod

98 2979 296 3044 lquatuorf.
350 2981 543 3030 tectonarius
563 2982 582 3033 f.
635 2983 700 3032 dae
719 2998 766 3033 om.
788 2999 812 3042 o,
830 2997 851 3030 r.
906 2980 1009 3031 emul-

35 3043 176 3109 tiplieatas
196 3053 338 3099 comeatum
355 3049 381 3097 is
400 3047 618 3114 multiplicitatis
637 3064 666 3112 ας
690 3050 907 3116 multiplicatas,
930 3063 942 3097 s
961 3065 1009 3100 ear·

34 3123 123 3174 peseto
147 3125 175 3166 et
200 3117 238 3166 tis
261 3118 439 3181 superscripto
458 3133 478 3167 r.
549 3119 566 3168 8
589 3118 859 3182 superparticulares
881 3116 914 3178 b,
939 3116 969 3180 d,
989 3117 1008 3178 l;

36 3183 360 3250 superparticularitatis
378 3199 400 3240 s.
430 3178 442 3250 ll
472 3185 581 3250 species
602 3201 650 3236 om.
669 3186 694 3236 d.
766 3187 798 3236 10
817 3186 843 3234 ei
862 3197 933 3247 quae
952 3200 1009 3235 eor-

36 3254 176 3302 recruma'n
196 3253 224 3302 ei
244 3266 297 3316 que
318 3267 342 3301 a.
414 3253 444 3302 11
465 3253 603 3305 adema
675 3255 706 3304 13
724 3253 792 3304 duos
812 3269 836 3315 a,
855 3252 883 3317 b,
902 3251 921 3316 l,
941 3268 962 3315 r,
982 3267 1007 3313 ες

8 3369 9 3378 ,
37 3313 79 3367 duo
98 3319 119 3371 f.
197 3322 230 3370 14
248 3334 347 3370 novem
366 3335 389 3372 e.
415 3316 427 3387 ΙΙ
455 3317 589 3386 itemque]
608 3320 774 3371 Scribendsm
791 3322 905 3372 uidetur:
923 3319 1009 3370 idem-

36 3396 86 3445 que,
165 3390 200 3439 17
219 3388 379 3452 progressio
399 3403 427 3446 o,
450 3403 472 3438 r.
542 3391 575 3439 20
594 3387 702 3438 -IIII·¹¹¹³
721 3389 742 3439 f.
813 3390 843 3438 21
864 3388 948 3437 tertio
966 3402 1008 3438 aa·

34 3466 200 3510 preversum
218 3471 245 3506 a.
320 3456 352 3504 22
372 3454 512 3520 colligitur
530 3472 555 3516 e,
574 3456 603 3520 b,
623 3472 646 3519 c,
668 3455 693 3518 d,
717 3456 735 3518 l,
754 3472 776 3520 r,
796 3471 817 3509 s.
893 3457 926 3504 24
945 3469 1008 3504 eon·

35 3527 157 3632 {erratur
177 3539 202 3588 s,
222 3526 352 3574 servetur
369 3521 395 3586 b,
414 3524 432 3577 l.
504 3525 536 3573 25
554 3524 758 3588 subsequentes
777 3523 796 3574 f.
867 3522 900 3571 28
920 3526 962 3570 ast
979 3521 1009 3566 in

48 3603 76 3639 ae
95 3592 117 3644 f.
