2446 3964
346 230 438 282 rusr.
459 231 611 284 narrum
630 232 656 296 1,
676 234 716 286 ao.
979 230 1020 296 61

27 362 32 440 l
61 417 174 477 quorum
192 399 327 460 delinitio
339 399 404 460 talis
417 399 788 489 rettt,potest.,tttuttiptex
799 404 1020 482 superparticu·
1087 433 1109 446 «

27 493 28 510 ’
62 482 116 544 laris
130 491 187 555 est,
205 485 344 564 quotiens
357 501 500 548 numerus
515 486 551 548 ad
565 503 720 548 numerum
734 495 921 568 comparatus
933 487 1023 550 babet

62 587 115 629 eum
129 569 202 648 ptus
218 587 308 648 quam
324 569 416 631 semel
431 579 461 631 et
476 571 539 632 clus
554 588 641 632 uuam
659 563 857 648 partemjnoe
872 580 918 633 cst
932 572 1023 634 babet

61 673 115 714 eum
127 662 183 714 aut
193 652 319 733 duplum
337 661 387 714 aut
401 655 522 734 triplum
535 662 584 716 aut
599 653 797 734 quadruplum
810 663 860 717 aut
871 660 1021 735 quotiens·

61 736 118 798 libet
138 747 174 800 et
200 739 265 799 eius
292 738 454 817 quamlibet
479 739 605 819 aliquam
622 746 736 818 partem
763 737 807 800 vel
830 741 955 804 mediam
977 741 1021 802 vel
1048 755 1060 796 a

61 825 164 884 tertiam
184 821 232 884 vel
247 834 386 943 quartauq
400 823 463 894 vel,
485 841 680 904 quaecunque
695 822 751 885 alia
766 826 896 904 partium
913 827 1021 888 exube-

61 909 162 970 ratione
187 909 357 984 contigerit.
392 908 447 970 llic
468 925 540 987 ergo
562 927 598 972 ex
613 908 768 987 multiplici
789 918 819 970 ct
839 912 1022 989 superparti-

60 991 139 1054 culari
163 993 312 1055 consistit.
329 973 430 1066 fouet
453 995 530 1054 enirn
553 1002 756 1072 comparatum
777 1011 936 1056 numerum
957 994 1023 1074 plus

59 1096 134 1154 quarn
151 1075 252 1139 semel
267 1076 369 1147 babet,
386 1076 557 1158 multiplicis
573 1085 631 1148 est,
654 1078 711 1138 hoc
726 1096 810 1148 vero,
832 1079 911 1158 quod
958 1080 1021 1141 ino·

59 1178 111 1222 rem
126 1164 158 1223 iu
176 1160 316 1222 habenda
331 1171 416 1240 parte
431 1163 628 1233 transcendit,
645 1161 934 1241 superparticularis.
964 1164 1061 1225 lta-10

59 1264 106 1323 que
121 1266 159 1308 ex
178 1253 310 1326 utroque
326 1249 446 1308 nornine
466 1248 535 1308 licto
552 1244 693 1307 vocabulo
710 1256 755 1307 est
769 1249 943 1326 speciesque
959 1251 1023 1310 eius

59 1331 87 1390 ad
100 1331 223 1393 illarum
239 1329 351 1392 scilicet
366 1333 442 1393 fiunt
459 1333 619 1410 imaginem
642 1332 884 1412 proportionum,
907 1353 943 1394 ex
959 1336 1022 1412 qui-

59 1415 105 1476 bus
118 1420 188 1496 ipse
203 1433 348 1477 numerus
363 1417 509 1497 originem
524 1417 623 1477 trabit.
651 1415 724 1476 Nam
740 1417 835 1495 prima
852 1435 921 1497 pars
936 1419 1023 1479 buius

60 1500 204 1570 vocabuli,
227 1519 303 1580 quae
325 1500 496 1580 multiplicis
511 1502 631 1562 nomine
651 1517 787 1578 possessa
804 1511 862 1571 est,
883 1501 1022 1580 multipli-

57 1587 91 1646 cis
104 1587 228 1648 numeri
245 1588 411 1664 specierum
427 1584 571 1647 vocabulo
587 1585 765 1646 nominanda
782 1592 839 1656 est,
861 1604 937 1665 quae
954 1597 1062 1646 varu1⁵

58 1669 333 1750 superparticularis
349 1678 407 1741 est,
430 1671 534 1732 codem
552 1668 694 1730 vocabulo
710 1669 946 1748 nuncupabitur,
964 1689 1022 1748 quo

57 1753 333 1835 superparticularis
359 1756 477 1816 numeri
510 1755 623 1833 species
653 1753 843 1816 vocabantur.
903 1755 1023 1816 Dicetur

59 1843 143 1912 onim,
168 1841 223 1918 qui
240 1838 388 1918 duplicem
403 1838 544 1900 habuerit
558 1838 646 1900 alium
666 1856 823 1900 numerum
839 1846 869 1899 et
883 1841 946 1900 eius
962 1859 1024 1902 me·

58 1925 129 1985 diaru
150 1930 285 2004 partem,
309 1922 418 2003 duplex
440 1922 618 2003 sesqualter,
646 1925 697 2001 qui
724 1941 794 1984 vero
810 1924 941 1995 tertiam,
970 1925 1023 1986 du·

59 2009 118 2086 plex
152 2009 377 2085 sesquitertius,
405 2010 455 2088 qui
480 2015 630 2088 quartam,
662 2007 770 2086 duplex
802 2010 1025 2089 sesquiquartus
1038 2019 1063 2058 20

61 2101 83 2152 et
106 2095 262 2172 deinceps.
299 2093 331 2154 Si
351 2111 422 2154 vero
448 2100 496 2152 ter
522 2111 589 2154 eum
611 2099 704 2153 toturn
731 2093 880 2153 contineat
906 2100 936 2154 et
962 2094 1024 2154 eius

59 2179 180 2240 mediam
211 2186 328 2256 partem
358 2175 402 2237 vel
432 2177 548 2238 tertiam
577 2177 621 2238 vel
648 2185 798 2254 quartam,
829 2177 944 2236 dicetur
972 2179 1024 2236 tri-

60 2261 120 2338 plex
148 2260 333 2341 sesqualter,
356 2260 462 2339 triplex
474 2262 691 2341 sesquitertius,
708 2257 817 2339 triplex
834 2261 1023 2340 sesquiquar-

59 2357 101 2408 tus
129 2357 159 2408 et
186 2345 292 2408 eodem
319 2345 408 2406 modu
434 2347 465 2406 in
491 2347 613 2412 ceteris;
643 2345 817 2423 diceturque
843 2343 1025 2424 quadruplus

61 2430 235 2511 sesqualter,
258 2429 444 2510 quadruplus
464 2430 685 2508 sesquitertius,
708 2427 890 2507 quadruplus
912 2431 1024 2509 sesqui·
1039 2438 1064 2478 2⁵

60 2525 192 2593 quartum
216 2524 247 2576 et
266 2517 403 2595 quotiens
426 2522 521 2576 toturn
542 2531 700 2575 numerum
714 2515 744 2573 iu
767 2515 940 2592 semetipso
955 2533 1025 2575 oon-

61 2603 175 2662 tinuerit
190 2618 246 2678 pcr
262 2598 431 2677 multiplicis
447 2599 564 2660 numeri
579 2598 694 2677 species
709 2596 920 2677 appellabitur,
938 2618 1024 2679 quarn

62 2703 124 2744 iero
139 2691 256 2764 partem
269 2686 431 2762 comparati
446 2685 563 2745 numeri
577 2683 725 2752 clauserit,
743 2685 907 2745 secundum
921 2702 1025 2763 super-

61 2769 268 2844 particularem
284 2770 537 2849 comparationem
552 2767 815 2847 habitudinemque
829 2767 992 2830 vocabitur.

119 2855 234 2916 llorum
251 2861 349 2914 autern
372 2851 508 2931 exempla
527 2852 697 2914 huiusmodi
717 2861 795 2913 sunt.
812 2852 942 2933 ,lluplex
964 2871 1024 2915 ses·
1039 2861 1064 2900 ⁸0

61 3025 167 3086 eucapiae
186 3022 263 3072 babet
286 3027 315 3072 et
333 3037 426 3072 eorum
445 3037 552 3087 quoqne
571 3023 680 3088 species
703 3037 734 3084 a,
758 3025 787 3071 et
806 3036 898 3073 eorum
917 3037 1026 3088 quoque

60 3104 149 3142 omnes
167 3091 278 3156 species
296 3090 319 3140 l:
343 3106 425 3154 supra
445 3105 544 3141 ameum
570 3091 663 3142 lrabeat
680 3093 708 3139 et
726 3104 821 3140 eornm
839 3104 946 3155 quoque
965 3105 1026 3156 spe·

63 3157 152 3218 ciesb,
165 3159 193 3210 d.
231 3157 431 3224 'icontingorit
444 3174 469 3221 a,
484 3174 508 3208 c.
544 3159 706 3208 ilminorem
718 3171 860 3207 numerum
876 3158 896 3211 f.
934 3161 966 3210 10
977 3159 1027 3209 ha·

62 3224 178 3278 bendof.
217 3228 248 3276 11
262 3224 355 3276 fiotum
366 3225 533 3277 vocabulum
546 3225 565 3284 f,
579 3241 599 3277 s.
645 3227 676 3275 ta
694 3224 772 3275 illius
794 3241 820 3276 a.
868 3227 900 3276 17
919 3228 1027 3291 species

62 3296 162 3345 numeri
179 3295 201 3345 f.
290 3296 323 3344 22
342 3294 444 3344 dicitur
469 3311 498 3357 a,
518 3310 545 3359 r,
564 3310 594 3359 s3
617 3293 720 3344 dicitur
737 3308 806 3345 com.
829 3297 856 3344 io
874 3293 983 3344 dicetur
1002 3311 1026 3344 a.

63 3361 95 3408 ’Ἀ
109 3368 134 3412 et
150 3379 202 3416 om.
222 3362 242 3411 f.
287 3363 398 3412 24-26
416 3367 445 3413 el
462 3363 559 3414 eudem
578 3397 626 3414 ...
644 3362 853 3427 sesquiquartus
871 3363 897 3412 t'rr
914 3365 1027 3428 eucapiae

64 3433 193 3491 tremore
212 3446 234 3480 r.
274 3431 307 3480 26
326 3431 434 3494 quoties
453 3447 479 3493 a,
498 3430 517 3486 l.
560 3433 593 3482 27
612 3428 770 3496 appellatur
787 3430 819 3492 b,
840 3446 863 3494 c,
882 3429 908 3491 d,
927 3431 947 3493 f,
966 3431 985 3493 1,
1005 3446 1027 3492 r,

65 3489 92 3553 dt
103 3499 263 3566 appellatur
272 3513 342 3552 aare.
354 3501 380 3549 in
391 3498 580 3565 appellabitur
589 3515 614 3548 a.
645 3499 678 3549 28
688 3497 834 3562 conparati
845 3499 953 3547 numeri
964 3512 1027 3561 par·

65 3568 111 3614 tem
122 3567 141 3620 l.
153 3565 166 3634 ll
180 3566 320 3618 clauserit
336 3568 443 3618 numeri
454 3566 472 3617 l.
484 3563 496 3634 ll
509 3567 662 3632 conparati,
676 3581 691 3615 o
705 3580 757 3615 aec.
769 3582 843 3614 manu
855 3565 987 3625 adscripto
998 3561 1025 3610 b.
