2426 4002
207 181 247 244 10
513 181 609 232 ruer.
626 181 779 232 narrum.
798 184 827 245 1,
848 185 870 232 1.

1196 317 1197 342 l

206 355 242 417 ad
257 352 475 432 intellegentiae
495 353 623 414 certiora
643 352 824 452 perducitur.
871 352 947 412 Sunt
962 353 1041 413 enim
1058 355 1170 434 quinam
1196 351 1197 384 l

205 439 315 520 gradus
351 446 509 517 certaeque
541 439 785 517 progressionum
815 437 1031 508 dimensioneS,
1068 437 1197 520 quibus

206 524 326 586 ascendi
346 525 546 603 progredique
565 525 672 602 possit,
694 531 727 583 ut
746 524 838 584 animi
854 521 938 583 illum
955 521 1090 594 oculum,
1112 527 1197 608 qui
1196 535 1197 575 l

205 620 237 671 ut
258 611 298 670 ait
312 608 409 678 Plato,
430 609 530 670 multis
551 608 646 671 oculis
668 607 874 688 corporalibus
895 607 1004 669 salvari
1023 611 1197 676 constitui-l

179 714 263 775 sque
284 696 322 755 sit
343 694 475 771 dignior,
497 694 576 792 quod
597 713 633 755 eo
653 692 716 755 solo
731 693 844 753 lumine
858 694 996 770 vestigari
1010 693 1080 754 vel
1072 691 1197 782 inspici

206 782 314 842 veritas
336 787 438 857 queat,
459 779 570 840 bunc
560 797 683 859 mquam
704 777 822 839 oculum
838 778 1008 840 demersum
1024 779 1197 840 orbatum

205 885 263 944 que
278 867 432 942 corporeis
446 863 582 925 sensibus
598 865 653 924 bae
668 863 840 942 disciplinae
860 881 967 924 rursus
987 859 1197 926 inluminentl

164 942 208 1016 Γ
206 952 287 1023 (luae
313 951 405 1027 igitur
432 969 469 1010 er
496 948 577 1010 hisce
597 951 694 1028 prima
715 949 855 1009 discenda
878 956 922 1008 est
943 949 1002 1008 nisi
1022 967 1072 1019 ea,
1101 935 1197 1029 quael

204 1036 383 1114 principium
410 1035 570 1115 matrisque
599 1033 816 1112 quodammodo
848 1034 884 1094 ad
914 1041 1029 1094 ceteras
1064 1033 1197 1100 obtinett

167 1121 393 1204 opertionem?
437 1119 517 1180 Haec
546 1130 590 1181 est
620 1127 733 1180 autem
748 1119 942 1181 arithmetica.
986 1119 1068 1180 llaec
1098 1122 1197 1180 enim

206 1207 322 1266 cunctis
341 1206 425 1284 prior
447 1213 509 1272 est
532 1224 593 1266 non
614 1205 702 1264 modo
723 1205 802 1282 quod
823 1205 911 1264 hanc
922 1203 971 1264 ille
984 1193 1075 1265 huius
1090 1223 1197 1264 ιιιιιιι-
1196 1167 1197 1232 l

206 1291 300 1351 danae
319 1289 406 1350 molis
426 1289 562 1349 conditor
583 1289 656 1350 deus
670 1291 797 1367 primam
811 1307 884 1349 suae
899 1288 1002 1350 habuit
1016 1290 1176 1350 ratiocina·
1196 1268 1197 1354 l

206 1378 292 1436 tionis
314 1373 465 1452 exemplar
485 1382 514 1434 et
529 1373 564 1434 ad
581 1374 658 1434 hanc
674 1380 780 1436 cuncta
796 1374 959 1443 constituit,
982 1383 1197 1456 quaecunquel

205 1460 370 1521 fabricante
391 1459 506 1519 ratione
521 1476 576 1538 per
591 1476 732 1519 numeros
748 1458 893 1537 adsignati
908 1458 1043 1518 ordinis
1035 1477 1197 1535 invenere
1196 1451 1197 1500 l

168 1563 194 1603 15
207 1545 405 1614 concordiam,
422 1537 475 1604 sed
489 1543 547 1604 hoc
562 1562 681 1623 quoque
696 1545 780 1644 prior
795 1544 979 1604 arithmetica
998 1543 1197 1620 declaratur

206 1630 300 1709 quod,
323 1645 519 1709 quaecunque
540 1636 645 1688 natura
667 1633 767 1707 priora
782 1639 867 1699 sunt,
888 1628 934 1689 bis
950 1628 1074 1689 sublatis
1090 1621 1197 1720 simull

204 1716 370 1792 posteriora
386 1711 544 1782 tolluntur;
568 1713 646 1790 quod
669 1716 695 1774 si
709 1715 874 1792 posteriora
889 1721 1028 1793 pereant,
1051 1713 1127 1774 nibil
1145 1689 1197 1775 de

205 1805 284 1858 statu
304 1797 413 1875 prioris
433 1796 616 1858 substantiae
638 1805 839 1876 permutatur,
862 1808 895 1859 ut
909 1798 1018 1858 animal
1034 1800 1118 1877 prius
1137 1809 1197 1861 estl

205 1882 335 1943 homine.
380 1882 454 1944 Nam
478 1884 503 1942 si
523 1880 611 1944 tollas
632 1882 755 1952 animal,
782 1883 879 1943 statim
902 1899 1022 1962 quoque
1046 1861 1197 1946 hominisl

166 1974 310 2028 sanatura
326 1966 421 2028 deleta
438 1969 490 2033 sit
513 1967 538 2028 si
553 1967 704 2028 hominem
720 1966 887 2036 sustuleris,
905 1967 1013 2027 animal
1030 1984 1091 2028 non
1109 1967 1197 2049 per-l

204 2053 269 2113 ibit.
315 2052 352 2112 ut
373 2071 390 2112 e
412 2053 562 2112 contrario
589 2070 629 2113 ea
649 2070 770 2132 semper
794 2052 959 2150 posteriora
986 2061 1070 2122 sunt,
1102 2063 1197 2146 quael

205 2157 307 2204 secum
335 2137 414 2198 aliud
441 2135 596 2224 quodlibet
621 2138 767 2206 inserunt,
799 2155 834 2198 ea
860 2139 973 2214 priora,
1006 2155 1083 2216 quae
1110 2147 1197 2254 οιιιιι,

205 2225 282 2286 dicta
308 2234 391 2294 sunt,
419 2221 492 2284 nihil
517 2240 618 2283 secum
640 2223 677 2284 de
698 2221 912 2302 posterioribus
933 2220 1069 2293 trabunt,
1098 2235 1135 2286 ut
1156 2211 1197 2302 inl

206 2310 310 2370 eodem
332 2327 450 2390 quoque
469 2309 598 2369 homine
643 2308 717 2370 Nam
734 2310 758 2369 si
774 2308 926 2368 bominem
941 2307 1066 2377 dixeris,
1089 2310 1197 2371 simul

166 2409 192 2448 2⁵
206 2411 325 2470 qnoque
351 2396 459 2454 animal
477 2393 656 2465 nominabis,
686 2393 766 2455 idem
789 2400 833 2454 est
856 2395 934 2453 enim
957 2392 1064 2463 homo,
1096 2395 1197 2472 quod

206 2478 330 2546 animal;
352 2497 376 2538 sr
369 2477 500 2538 animal
517 2479 640 2549 dixeris,
663 2497 721 2538 non
738 2479 867 2555 speciem
885 2478 972 2539 simul
987 2477 1147 2538 hominis
1139 2499 1191 2540 m-

205 2563 314 2632 tulisti,
331 2580 389 2622 non
406 2569 451 2622 est
466 2564 544 2622 enim
560 2563 639 2623 idem
657 2562 773 2632 animal,
791 2564 870 2641 quod
886 2563 985 2623 homo.
1018 2561 1082 2622 lloc
1097 2565 1197 2634 idem

206 2650 236 2709 in
252 2649 415 2726 geometria
436 2646 481 2706 vel
502 2647 689 2710 arithmetica
709 2648 825 2709 videtur
840 2651 1004 2711 incurrere,
1050 2647 1081 2708 Si
1098 2641 1197 2711 enim?

206 2750 348 2794 numeros
363 2731 464 2800 tollas,
486 2732 566 2793 unde
580 2733 761 2812 triangulum
777 2733 822 2794 vel
838 2733 1013 2812 quadratum
1028 2730 1074 2792 vel
1091 2735 1197 2816 quic-j

166 2833 192 2874 ao
207 2817 276 2894 quid
297 2818 327 2876 in
343 2817 505 2895 geometria
521 2826 669 2894 versatur,
692 2837 768 2897 quae
789 2819 888 2878 omnia
909 2835 1106 2878 numerorum
1133 2821 1197 2882 ded

274 3055 506 3120 lprodueitnre.
560 3057 644 3106 ’leae
664 3072 680 3105 a
687 3052 764 3120 1ιΙΙ
780 3070 924 3114 rursuma
938 3056 964 3118 d,
978 3053 1029 3118 1,.1
1084 3057 1101 3106 8
1122 3055 1197 3122 pose

205 3121 248 3172 his
267 3124 367 3172 lituram
384 3125 502 3188 bobeta,
526 3140 607 3188 supra
624 3139 721 3174 versum
740 3123 776 3172 al.
796 3139 831 3174 ex
850 3123 937 3186 hisb,
956 3122 1053 3172 his*
1020 3139 1103 3187 eec,
1131 3127 1197 3179 his

205 3189 299 3244 caed.
367 3194 398 3243 10
415 3193 495 3243 Haec
512 3208 559 3243 om
579 3209 603 3242 c.
675 3194 705 3242 ll
724 3191 798 3257 prior
817 3193 968 3242 cunetise.
1040 3193 1072 3242 12
1091 3197 1197 3248 ratio

206 3259 368 3310 nationiss.
422 3263 452 3311 17
472 3262 626 3341 posteriora
645 3261 779 3312 tolluntur
797 3260 915 3311 simull
969 3264 998 3310 et
1010 3259 1187 3329 quodfl

204 3329 360 3391 posteriora
377 3329 439 3379 sif.
476 3329 500 3378 si
517 3330 726 3394 posterioress
798 3333 830 3381 23
849 3329 947 3389 sinte,
966 3328 1030 3388 f,.s
1102 3333 1188 3386 aas

206 3394 311 3446 animal
329 3411 436 3460 qnoque
455 3395 600 3449 dixerisb
665 3402 698 3450 28
717 3398 936 3514 geometricae,
955 3396 1035 3477 ο,ι1,
1055 3397 1080 3459 1,
1102 3413 1140 3463 r,
1168 3405 1197 3476 sq

204 3462 258 3581 2211
277 3479 292 3514 c
309 3481 403 3515 rasura
421 3467 536 3519 deletum.
597 3467 631 3516 30
649 3469 822 3533 geometrica
840 3481 865 3527 a,
884 3480 907 3528 e,
927 3463 957 3523 d;
975 3467 1002 3514 in
1019 3464 1029 3513 l
1049 3479 1064 3514 e
1083 3477 1197 3564 rasurq

224 3537 320 3583 ectum
