2446 3964
330 203 423 258 ruer.
442 205 596 258 carruca.
614 205 654 268 u,
665 208 715 258 aa
954 205 1013 270 107

35 385 210 454 tetragono,
228 377 316 435 tertia
334 376 463 453 pyramis
475 376 511 435 de
523 382 700 454 pentagono,
717 386 819 454 quarta
833 379 962 458 pyramis
977 379 1012 441 de

37 479 188 540 exagono,
208 461 312 539 quinta
328 461 459 538 pyramis
475 460 511 520 de
528 468 688 538 eptagono,
707 461 844 540 idemque
860 465 890 522 iu
906 466 1013 525 ceteris

9 573 10 580 ¹
35 555 152 608 constat
166 546 314 605 numeris.
332 544 404 604 Nam
416 545 554 622 quoniam
569 545 694 606 lineares
707 562 847 607 numeros
860 565 925 609 esse
938 549 1011 609 dixi-

36 651 110 701 mus
136 632 192 708 qui
216 629 252 690 ab
271 647 329 689 uuo
350 629 477 708 proiecti
495 631 525 689 iu
542 630 683 689 inlinitum
701 640 871 700 currerent,
893 641 925 693 ut
944 643 1013 694 sunt

35 719 53 780 l.
65 717 98 777 ll.
115 715 170 776 lll.
186 714 250 775 llll.
263 716 295 774 V.
309 714 354 774 Vl.
368 713 427 774 Vll.
440 715 513 774 Vlll.
528 715 612 775 Vllll.
628 715 673 786 X.,
687 715 732 774 his
746 723 843 775 autem
855 717 1011 780 ordinatim
1026 738 1038 778 5

35 801 211 879 compositis
225 808 253 858 et
265 799 301 859 ad
316 801 486 859 seinvicem
500 819 567 860 cum
577 800 713 860 distantia
724 801 831 861 iunctis
841 803 1012 880 superficies

36 885 248 954 nascebantur,
265 893 307 953 ot,
325 885 347 944 si
364 901 455 943 aruum
471 891 499 944 et
513 883 572 944 duo
585 886 735 962 iungeres,
753 887 866 963 primus
879 889 1011 964 triangu-

36 973 75 1032 lus
92 978 293 1038 nasceretur,
310 969 338 1028 id
359 975 403 1028 est
421 977 498 1040 treS,
516 976 544 1029 et
562 989 628 1031 cum
645 971 690 1030 his
708 970 936 1048 adiungeremus
951 979 1011 1031 ter-

9 1069 11 1084 *
36 1060 113 1125 tium,
131 1055 164 1114 id
183 1063 230 1114 est
247 1057 421 1121 ternarium,
437 1055 570 1113 senarius
582 1053 745 1132 triangulus
757 1074 861 1116 rursus
874 1075 1013 1116 occurre·

36 1153 92 1212 ret,
119 1150 151 1201 et
167 1147 237 1219 post
253 1139 308 1199 hos
325 1140 469 1215 tetragoni
486 1157 545 1198 uuo
560 1142 744 1208 intermisso,
765 1143 925 1220 pentagoni
940 1161 1011 1202 vero
1026 1161 1050 1199 ιο

35 1227 168 1295 duobus,
191 1226 321 1302 exagoni
343 1222 450 1293 tribus,
473 1227 611 1301 eptagoni
628 1224 738 1284 relictis
754 1234 894 1303 quattuor
910 1245 1011 1288 nasce-

38 1311 164 1371 bantur:
186 1326 267 1370 nunc
283 1327 353 1368 vero
370 1308 405 1368 ad
422 1307 582 1369 solidorum
600 1327 758 1388 corporum
775 1313 1010 1388 procreationem

38 1399 118 1475 ipsae
147 1395 236 1455 nobis
263 1393 435 1471 superficies
461 1393 634 1454 naturaliter
659 1395 801 1472 figuratae
827 1399 1009 1475 provenient.

36 1482 70 1540 Et
90 1481 128 1540 ad
153 1479 308 1540 faciendas
330 1478 449 1556 quidem
471 1479 637 1557 pyramidas
658 1497 672 1538 a
691 1481 838 1558 triangulo
854 1484 910 1559 ipsi
926 1482 1011 1541 uobis

36 1565 179 1644 trianguli
202 1563 400 1642 componendi
416 1573 500 1632 sunt;
524 1563 559 1622 ad
580 1565 780 1643 procreandas
796 1583 866 1624 vero
884 1569 1009 1644 pyrami·
1025 1583 1050 1621 15

9 1669 10 1680 ¹
37 1653 86 1710 das
102 1670 122 1710 a
136 1659 298 1725 tetragono
314 1651 476 1726 tetragoui;
500 1649 534 1708 ad
558 1667 607 1708 eas
625 1667 709 1716 vero,
732 1668 807 1728 qnae
823 1659 921 1710 sunta
939 1669 1010 1728 peu·

9 1769 10 1780 1
37 1747 147 1812 tageno
164 1734 326 1812 pentagoni
342 1732 501 1812 copulandi
521 1743 599 1794 sunt⁸¹
645 1734 680 1794 Et
695 1733 776 1803 illae,
800 1753 874 1813 quae
890 1744 959 1795 suut
974 1735 1009 1794 alo

37 1837 174 1899 exagono
198 1818 242 1879 vel
259 1825 404 1896 eptagono
421 1836 479 1878 non
498 1819 553 1879 nisi
570 1837 771 1909 exagonorum
790 1818 833 1880 vel
849 1827 1010 1900 eptagono-

36 1925 100 1966 rum
119 1903 312 1984 copulatione
327 1911 494 1963 nascentur.
537 1905 655 1964 Primus
672 1922 742 1981 ergo
761 1913 902 1982 potestate
918 1907 1009 1966 triau-
1094 1977 1099 1988 ι

9 2055 10 2068 2
38 1991 124 2068 gulus
149 1996 195 2050 est
214 1991 313 2049 unitas
335 1989 519 2068 eandemque
542 1991 627 2048 etiam
650 1991 786 2066 punimus
802 1991 908 2050 uirtute
923 2009 1009 2071 pyra·
1023 2008 1049 2047 eo

38 2077 163 2142 midam;
188 2074 336 2134 secundus
357 2091 426 2132 vero
447 2073 612 2150 triangulus
633 2076 858 2143 estiomenus,
882 2093 969 2153 quem
986 2078 1011 2134 si

38 2180 102 2220 cum
125 2162 225 2238 primo
249 2160 444 2228 coniunxcro,
467 2159 497 2219 id
519 2168 563 2219 est
584 2177 650 2218 cum
673 2161 799 2227 unitate,
822 2161 1010 2237 quaternaria

40 2247 109 2305 mihi
119 2244 309 2322 profunditas
319 2242 477 2322 pyramidis
489 2246 643 2304 excrescit.
661 2245 696 2302 nt
707 2260 776 2302 vero
790 2244 814 2302 si
826 2243 871 2302 his
882 2245 1009 2314 tertium,

39 2332 201 2399 senarium,
219 2330 342 2388 iunxere
356 2329 475 2389 denaria
488 2327 648 2408 pyramidis
661 2327 867 2406 procreabitur
880 2326 1009 2388 altitudo.

9 2417 12 2450 r
41 2416 87 2474 llis
100 2417 127 2475 si
141 2415 295 2474 denarium
308 2415 433 2473 innuero
447 2415 546 2492 viginti
559 2429 752 2473 numerorum
765 2414 892 2490 pyramis
905 2415 1008 2485 veniet,
1023 2430 1048 2470 aa

40 2511 125 2578 atque
148 2501 187 2558 ita
212 2501 243 2558 in
258 2501 372 2559 cunctis
388 2498 451 2558 aliis
467 2499 569 2558 eadem
587 2499 661 2556 ratio
678 2497 872 2576 copulationis
887 2507 940 2558 est.

98 2599 266 2678 Trianguli.

40 2704 57 2762 l.
91 2703 143 2764 ΙΙΙ.
183 2702 229 2763 Vl.
249 2703 298 2792 X.
329 2701 388 2762 XV.
419 2701 493 2762 XXI.
523 2701 647 2762 XXVlll.
680 2701 805 2762 XXXVl.
836 2703 921 2764 XLV.
952 2703 1008 2764 LV.

106 2890 267 2940 3numeris
281 2892 391 2938 constat
405 2905 429 2938 c.
458 2886 469 2954 ΙΙ
498 2889 666 2939 numerusd.
695 2885 707 2954 ll
738 2905 798 2940 esse
818 2905 945 2940 numeros
959 2888 1009 2954 ⁰·ll

41 2974 97 3008 esse
117 2974 166 3010 om.
188 2956 207 3007 f.
247 2959 396 3008 donarunt
415 2973 444 3018 a;
469 2958 605 3006 currerint
625 2974 652 3019 ος
672 2959 788 3006 currerit
810 2965 835 3008 et
852 2974 933 3022 snpra
951 2974 964 3006 r
982 2974 1010 3007 re

9 3069 10 3072 ,
42 3042 63 3086 r;
86 3029 201 3076 current
220 3039 242 3074 s.
314 3025 377 3074 oin
395 3041 425 3074 se
449 3041 476 3084 c,
497 3025 527 3086 d,
546 3025 570 3087 f,
590 3041 615 3086 r,
636 3040 663 3081 sa
687 3026 716 3072 in
741 3033 766 3074 et
788 3042 868 3090 supra
885 3025 1013 3076 oersnml

43 3094 117 3146 adb.
193 3095 283 3142 luno
308 3108 332 3144 a.
402 3095 417 3144 8
447 3094 504 3143 ·111·
529 3108 559 3155 c,
583 3110 604 3142 r.
638 3089 650 3158 ΙΙ
685 3095 731 3141 iun
753 3109 910 3155 eremesa,
935 3109 963 3156 c,
990 3111 1011 3146 r.

41 3164 180 3212 llrnrsum
199 3160 225 3211 d.
241 3157 253 3226 ll
270 3165 397 3211 occurret
415 3177 435 3210 r.
495 3163 526 3210 to
544 3166 571 3210 et
589 3178 634 3212 ont.
654 3160 681 3223 b,
700 3159 718 3209 l.
734 3110 751 3226 ᾖ
765 3161 941 3226 detetragoni
958 3178 979 3211 r.
996 3159 1007 3225 ll

42 3230 196 3281 intermisso
220 3244 273 3279 nno
296 3245 319 3280 a.
391 3228 553 3293 tequidem
572 3246 593 3279 r.
627 3225 638 3294 ll
673 3229 844 3294 pyramides,
869 3245 897 3279 es
916 3239 1011 3279 motato

43 3301 64 3346 iu
81 3315 111 3348 aa
132 3314 157 3350 a.
232 3299 262 3346 19
281 3302 445 3360 nascentur,
465 3299 548 3348 altero
568 3313 584 3345 a
602 3299 628 3346 in
647 3311 662 3346 e
680 3304 789 3359 motato,
809 3314 835 3346 a.
899 3299 1011 3346 2011111-

35 3373 80 3430 ¹tas
99 3373 142 3418 est
162 3382 191 3426 e,
212 3380 234 3417 s.
305 3367 337 3416 23
356 3365 441 3416 michi
460 3381 488 3427 a,
508 3365 526 3416 l.
595 3364 778 3416 annonariae
797 3365 827 3426 d,
847 3365 872 3425 f;
896 3364 1012 3414 denaria

9 3459 10 3464 =
44 3449 104 3487 corr.
125 3437 152 3484 in
171 3433 305 3482 denariae
325 3449 350 3482 a.
420 3435 452 3484 25
476 3432 626 3482 adiunxero
646 3448 676 3493 a,
696 3446 717 3481 s.
750 3430 762 3498 ll
797 3432 864 3480 ·XX·
882 3447 908 3492 r3
936 3431 1012 3482 vioe·

44 3504 100 3551 simi
118 3502 165 3554 vel
185 3501 288 3566 viginti
301 3517 324 3550 c.
347 3498 359 3566 ll
382 3501 509 3551 vicesimi
527 3501 633 3550 numeri
645 3515 666 3552 a.
721 3501 753 3549 26
773 3505 816 3550 est
831 3499 885 3548 hoc
898 3498 976 3547 modo
990 3513 1011 3546 s.

44 3571 70 3619 'll
88 3569 240 3634 Trianguli
258 3585 305 3620 om.
325 3569 344 3622 f.
381 3568 526 3633 Trianguli
546 3569 580 3618 ab
599 3569 706 3618 unitate
727 3572 755 3616 et
773 3565 896 3615 naturali
914 3581 935 3612 a.
979 3573 986 3584 ·
