2446 3964
379 255 470 307 rusr.
490 253 640 305 Amrnn.
660 256 686 319 Ι,
706 257 747 306 32.
1006 251 1048 315 69

21 416 23 488 J
79 427 167 498 bitur,
183 427 392 506 sesquitertius
409 444 444 486 ex
456 424 571 504 trIpIici,
588 425 811 503 sesquiquartus
824 442 858 484 ex
871 422 1067 504 quadruplossj

20 547 22 626 p
79 513 142 573 Sint
158 513 237 573 enirn
256 511 315 610 III·
334 509 466 610 duplices
487 511 621 608 ternnini;
643 510 694 588 qui
715 523 750 569 ex
770 507 941 587 aequalibus
957 508 1068 570 creatil

20 627 22 660 i
78 604 160 666 sunt,
178 603 273 674 etqui
290 595 411 657 ultimus
427 601 485 664 est,
501 611 615 675 primus
631 600 759 671 ponatur
774 593 832 654 hoc
846 594 950 655 modo:

385 713 446 773 IIII.
535 712 570 773 n.
657 713 679 772 I.
1128 706 1154 758 “s

20 807 23 864 I
76 835 111 894 Et
132 834 333 895 constituatur
353 834 451 909 primo
473 833 505 892 in
526 831 583 891 hoo
604 830 708 892 ordine
730 830 845 908 primus
859 848 929 910 par,
959 830 989 890 id
1005 837 1075 890 estu

21 977 22 984 ,
78 918 168 990 ·Illl·,
191 917 341 990 secundus
362 935 432 977 vero
453 917 550 994 pn'mo
572 924 600 977 et
621 915 751 977 secundo
770 933 840 994 par,
868 915 897 974 id
921 921 965 975 est
982 915 1048 985 ·VI·‚

20 1006 22 1134 p
76 1005 183 1065 tertius
199 1021 270 1065 vero
282 1003 394 1079 primo,
412 1000 528 1062 duobus
539 1001 677 1062 secundIs
690 1009 718 1062 et
730 1002 832 1070 tertio,
849 1001 879 1060 id
893 1006 936 1060 est
950 998 1048 1066 ·VIIII·

21 1151 22 1198 q
333 1120 445 1181 'ini
533 1119 569 1179 n.
657 1118 678 1180 1.

20 1223 22 1247 ι
385 1205 447 1265 1111.
535 1203 580 1264 vr.
658 1202 745 1264 uni.

20 1274 23 1392 I
73 1325 151 1386 Ecce
169 1325 225 1385 tihi
239 1323 288 1384 illa
305 1322 487 1402 sesqualtera
505 1323 652 1401 quantitas
669 1341 704 1383 ex
724 1323 853 1384 termIno
870 1320 1048 1402 duplicitatis
1062 1335 1087 1374 10

72 1411 220 1471 exoritur.
252 1409 411 1469 Videamus
426 1426 505 1469 nunc
528 1407 564 1467 ad
580 1406 707 1468 eundem
729 1408 866 1476 modum,
889 1425 924 1466 ex
942 1406 1050 1486 trIpIici

73 1497 121 1574 qui
138 1497 295 1556 nascatur.
326 1493 525 1573 Disponantur
541 1494 619 1552 enlm
636 1492 768 1573 triplices
785 1494 954 1572 superiores

384 1611 470 1672 VIIII.
559 1610 608 1671 III.
695 1612 717 1671 I.

72 1730 229 1792 Converso
254 1729 366 1790 scilicet
387 1729 505 1800 ordine,
537 1732 613 1790 stcut
638 1727 760 1808 duplex,
791 1729 839 1788 hic
868 1734 911 1787 est
932 1745 1051 1807 quoque

72 1817 147 1877 ordo
167 1816 341 1893 dispositus.
371 1814 502 1874 Ponatur
529 1833 600 1892 ergo
620 1815 735 1892 primus
755 1815 852 1892 prtmo
869 1830 995 1891 aequus,
1019 1812 1089 1873 id15

71 1910 114 1962 est
132 1900 255 1969 ·VIIII·,
279 1900 426 1960 secundus
442 1901 539 1975 primo
555 1907 584 1958 et
599 1899 745 1969 secundo,
768 1899 798 1959 id
820 1907 864 1960 est
881 1898 968 1969 ·XII·,
990 1905 1050 1959 ter·

20 2036 22 2040 ,
69 1989 125 2047 ttus
141 1987 264 2064 primo,
281 1984 397 2046 duobus
413 1984 551 2045 secundis
567 1991 596 2045 et
610 1987 697 2044 tertio
714 2003 840 2065 aequus
857 1985 885 2045 id
903 1991 948 2045 est
965 1983 1048 2043 ·XVI·

389 2101 475 2162 VIIII.
564 2102 615 2162 III.
702 2103 723 2163 Ι.

389 2187 475 2248 VIIII.
562 2186 625 2247 XII.
702 2188 775 2247 XVI.

66 2306 189 2368 Rursus
205 2305 339 2367 secunda
361 2307 475 2383 species
496 2304 777 2384 superparticularis
793 2304 929 2372 numeri,
960 2302 989 2362 id
1006 2310 1050 2363 est
1063 2318 1088 2357 ao

67 2391 285 2470 sesquitertius
306 2399 478 2468 procreatus
501 2399 554 2452 est.
587 2388 672 2459 Quod
693 2391 717 2449 si
736 2389 814 2450 idem
831 2389 867 2449 de
883 2386 1049 2468 quadruplo

68 2478 133 2556 quis
151 2475 259 2537 Iacere
277 2473 357 2542 velit,
375 2477 598 2553 sesquiquartus
611 2475 751 2536 contiuno
768 2483 915 2544 nascetur,
932 2479 964 2534 ut
979 2472 1049 2534 sub-

66 2562 142 2622 iecta
164 2565 317 2621 monstrat
332 2559 501 2638 descriptio.

383 2677 456 2738 XVI.
503 2678 606 2740 IIII.
692 2679 714 2738 I.

274 2811 278 2816 .
381 2762 454 2823 XVI.
542 2763 603 2824 XX.
692 2762 776 2822 XXV.
1055 2775 1089 2817 -25

132 2919 148 2966 1
172 2913 263 2978 triplo
281 2911 306 2962 d.
343 2917 358 2963 2
377 2919 434 2964 tres
454 2915 480 2977 b,
494 2915 513 2963 f.
554 2916 831 2977 coenatiunculam,
846 2930 873 2977 c,
888 2922 983 2978 serr,
1002 2917 1051 2964 sed

64 2999 203 3035 nrasura
222 2983 316 3033 deleto.
345 2977 358 3047 Η
388 2983 626 3048 constituaturque
645 2982 670 3034 d.
695 2979 706 3046 Η
730 2983 817 3047 primo
834 2999 880 3036 om.
901 2998 930 3045 a,
947 2984 981 3040 b,
1001 2979 1050 3046 dl}

62 3052 175 3116 primus
186 3049 276 3115 primo
288 3064 304 3097 a
315 3056 371 3112 ets,
384 3051 432 3100 sed
443 3051 531 3114 primo
544 3067 638 3101 rasum
648 3052 746 3107 deleto:
758 3051 845 3114 primo
854 3067 935 3115 supra
944 3051 1049 3116 primus
1104 3069 1105 3072 ¹

64 3121 86 3169 d.
118 3123 135 3171 6
152 3121 280 3184 quatuor
292 3115 317 3169 d.
329 3112 341 3182 Η
353 3132 405 3182 par
418 3133 464 3170 om.
477 3117 502 3168 d.
540 3117 636 3168 rotila
649 3135 694 3171 ont.
704 3133 727 3168 c.
744 3114 756 3184 Η
773 3119 948 3183 sesqualtera
961 3118 1012 3169 illa
1025 3134 1046 3168 r.

64 3191 90 3238 ll
111 3188 152 3238 ad
177 3184 299 3236 eundem
318 3219 325 3232 .
341 3222 346 3235 .
362 3221 388 3234 ..
411 3182 554 3250 nascatur]
577 3185 802 3251 quemadmodum
821 3203 854 3237 ex
873 3187 980 3252 triplici
997 3202 1048 3236 nu·

62 3271 137 3308 nero
162 3253 203 3304 ad
223 3251 341 3302 eundem
364 3253 473 3303 modum
490 3255 598 3304 numeri
620 3258 772 3304 nascantur
790 3254 815 3306 d.
844 3251 855 3316 ΙΙ
889 3271 922 3304 ex
940 3254 1047 3319 triplici

61 3340 103 3376 om,
123 3325 147 3376 l,
246 3321 277 3369 12
294 3321 419 3370 uescitur
441 3321 471 3384 b,
491 3321 514 3384 l;
534 3325 685 3372 nascantur
703 3337 724 3372 s.
756 3317 767 3388 Η
798 3321 879 3387 enim]
905 3325 1000 3386 itaque
1021 3321 1046 3371 d.

62 3394 89 3442 15
108 3391 212 3458 prImo
231 3387 335 3452 primus
355 3404 376 3438 c.
431 3391 462 3440 17
482 3405 586 3455 aequus
604 3406 684 3455 supra
702 3406 800 3440 uersum
819 3389 848 3452 d,
868 3406 890 3444 r.
944 3392 976 3439 21
989 3403 1047 3438 ses·

61 3457 199 3524 quitertii
212 3457 356 3520 procreati
374 3460 439 3506 sunt
452 3473 477 3506 a.
541 3460 574 3508 22
593 3459 724 3508 continua
743 3475 766 3508 c.
792 3455 805 3524 ss
828 3458 956 3508 subiecta
969 3471 1043 3506 mon-

59 3529 168 3578 strabit
201 3539 233 3585 aq
262 3523 389 3574 subiecta
411 3528 547 3576 monstrat
569 3534 595 3577 et
615 3543 696 3591 supra
713 3541 827 3576 versum:
851 3526 880 3575 in
901 3523 937 3574 al.
957 3524 997 3572 bit
1014 3523 1045 3576 b;

60 3592 241 3646 monstrabit
258 3591 384 3642 subiecta
402 3607 423 3642 s.
