2426 4002
192 164 231 228 12
497 163 591 217 Insr.
609 163 761 216 antrum.
779 164 806 228 1,
827 165 851 212 a.

191 336 388 405 astronomia,
405 333 591 396 inmobilium
607 335 769 415 geometria
786 333 920 394 doctrina
936 341 996 402 est;
1019 330 1065 394 vel
1081 335 1165 413 quod

191 423 350 482 armonicis
381 418 634 482 modulationibus
662 427 758 480 motus
783 420 848 498 ipse
871 417 1039 479 celebratur
1066 427 1165 480 astro-

190 525 266 567 rum.
290 506 388 577 Ouare
405 512 521 566 constat
535 524 654 586 quoque
669 506 801 565 musicae
816 504 872 564 vim
890 511 1038 564 astrorum
1055 522 1166 566 cursus

190 593 363 671 antiquitate
378 590 573 670 praecedere,
595 609 684 670 quam
706 607 849 666 superare
869 597 975 649 natura
996 589 1164 650 arithmeti-

164 694 255 736 aoam
271 676 394 737 dubium
410 693 470 736 non
487 683 545 745 est,
563 674 808 756 summioribus,
826 692 915 752 quam
930 672 980 734 illa
992 682 1046 745 est,
1062 674 1165 736 videa·

189 771 238 822 tur
268 763 426 839 antiquior.
456 761 582 839 Proprie
612 769 712 821 tamen
740 761 804 837 ipsa
831 776 1026 819 numerorum
1053 771 1165 822 natura

189 847 285 908 omnis
308 853 455 907 astrorum
477 863 583 906 cursus
605 847 762 922 omnisque
784 845 982 905 astronomica
997 845 1073 905 ratio
1089 863 1164 905 oon-

189 933 290 992 stituta
311 937 365 992 est.
407 931 456 992 Sic
483 930 562 992 enim
589 938 673 990 ortus
698 945 880 1007 occasusque
907 927 1093 1008 colligimus‚'
1117 932 1164 991 sic

189 1017 344 1077 tarditates
369 1014 598 1093 velocitatesque
627 1016 789 1076 errantium
814 1013 945 1076 siderum
968 1015 1163 1086 custodimus

151 1123 175 1160 ro
189 1102 231 1162 sio
253 1100 388 1162 delectus
409 1107 438 1161 et
457 1098 634 1178 multiplices
654 1100 743 1160 lunae
763 1100 939 1161 variationes
960 1101 1161 1178 agnoscimus.

190 1186 305 1257 Quare,
328 1187 468 1264 quoniam
488 1187 588 1265 prior,
611 1194 644 1245 ut
666 1185 784 1254 claruit,
812 1184 1016 1246 arithmeticae
1042 1186 1085 1246 vis
1106 1194 1164 1256 est,

111 1305 115 1315 ·
189 1271 260 1332 bino
275 1271 480 1350 disputationis
496 1287 647 1331 sumamus
663 1269 827 1330 exordium.

495 1461 539 1516 De
554 1461 715 1517 substantio
731 1464 854 1517 numeri.

253 1608 288 1669 ll.
329 1608 434 1670 Omnia
462 1626 658 1686 quaecunque
690 1628 706 1670 a
733 1610 883 1687 primaeva
910 1627 1013 1670 rerum
1054 1617 1164 1672 natura

150 1712 175 1751 15
189 1700 359 1753 constructa
385 1700 469 1762 sunt,
496 1711 691 1755 numerorum
719 1693 856 1754 videntur
881 1695 999 1756 ratione
1024 1694 1163 1757 formata.

187 1777 251 1837 lloo
278 1778 358 1836 enim
388 1776 443 1836 luit
472 1775 635 1855 principale
671 1781 701 1839 iu
732 1780 831 1839 animo
861 1777 1024 1840 conditoris
1060 1798 1165 1841 exem·

132 1857 135 1864 '
188 1859 262 1938 plar.
299 1859 376 1921 Hinc
403 1861 479 1921 enim
502 1869 642 1940 quattuor
667 1862 884 1924 elementorum
910 1860 1067 1923 multitudo
1094 1883 1165 1926 mu·
1196 1922 1197 1945 q

187 1953 265 2005 tuata
297 1953 357 2014 est,
392 1945 462 2005 binc
491 1953 660 2025 temporum
696 1949 790 2018 vices,
826 1948 896 2008 bino
931 1954 1028 2008 motus
1064 1957 1165 2010 astro-

187 2047 254 2090 rum
281 2029 414 2108 oaelique
443 2031 607 2091 conversio.
652 2032 734 2103 Quae
761 2049 828 2091 oum
861 2032 899 2092 ita
926 2031 999 2099 sint,
1027 2049 1163 2111 cumque
1195 2047 1196 2050 ’

150 2139 175 2177 20
188 2117 321 2176 omnium
348 2123 439 2177 status
465 2132 659 2176 numerorum
686 2114 875 2192 colligatione
899 2116 1055 2193 iungatur,
1090 2137 1164 2182 eum

188 2217 306 2280 quoque
321 2218 481 2262 numerum
497 2218 619 2262 necesse
640 2208 684 2263 est
704 2202 871 2280 inproprie
889 2217 1008 2279 semper
1025 2220 1091 2264 sose
1106 2203 1163 2266 ba·
1194 2202 1195 2251 l

187 2284 308 2346 bentem
324 2285 485 2363 aequaliter
500 2285 663 2348 substantia
678 2303 871 2364 permanere,
888 2305 1017 2366 eumque
1036 2305 1163 2368 compo·
1193 2335 1194 2362 Ξ

188 2369 276 2428 situm
298 2387 357 2429 non
381 2389 416 2430 ex
440 2371 619 2432 diversis-
635 2371 705 2450 quid
729 2373 808 2432 enim
829 2373 948 2433 numeri
964 2371 1163 2435 substantiam
1193 2363 1194 2403 l

188 2453 399 2530 coniungeret,
423 2473 488 2514 cum
510 2456 600 2532 ipsius
621 2455 789 2536 exemplum
812 2466 917 2518 cuneta
939 2458 1102 2518 iunxisset?
1120 2493 1160 2504 -
1192 2489 1193 2557 q

149 2560 174 2599 sa
188 2535 239 2596 sed
256 2555 292 2597 ex
307 2554 339 2596 se
354 2537 419 2614 ipso
435 2539 550 2598 videtur
566 2557 631 2601 esse
653 2543 844 2619 compositus.
876 2542 970 2602 Porro
991 2550 1089 2602 autem
1111 2546 1163 2604 ni-

187 2619 229 2680 hil
245 2639 281 2682 ex
295 2619 440 2682 similibus
456 2625 593 2700 componi
609 2624 737 2695 videtur,
764 2643 821 2686 uec
842 2644 877 2686 ex
901 2626 962 2696 bis,
985 2645 1060 2705 quae
1075 2626 1162 2690 nulla

188 2705 310 2765 rationis
331 2706 524 2784 proportione
546 2709 710 2788 iunguntur
731 2719 761 2772 et
785 2729 802 2770 a
827 2728 860 2771 se
885 2711 966 2772 omni
993 2710 1163 2774 substantia
1190 2729 1191 2736 ¹

188 2796 352 2868 naturaque
368 2790 494 2852 discreta
509 2799 587 2853 sunt.
618 2793 737 2858 Constat
757 2811 845 2872 ergo,
871 2797 1012 2875 quoniam
1034 2797 1163 2857 coniun-

190 2881 255 2934 ctus
282 2882 326 2934 est
349 2893 506 2948 numerus,
534 2895 630 2959 neque
657 2899 693 2941 ex
713 2879 858 2940 similibus
879 2899 945 2942 asse
967 2881 1163 2944 coniunctum

150 2980 175 3018 ao
191 2974 287 3034 neque
303 2978 337 3020 ex
353 2960 413 3036 bis,
430 2980 506 3041 quae
521 2961 558 3022 ad
573 2964 745 3026 seinvicem
761 2965 840 3025 nulla
858 2968 972 3026 ratione
987 2967 1163 3045 proportio·

257 3163 270 3210 1
291 3165 461 3227 geometrica
474 3181 498 3229 o,
513 3166 543 3228 d,
558 3166 578 3229 f,
592 3183 619 3227 r;
637 3167 687 3220 inl
700 3183 821 3219 crasuro
839 3171 954 3222 deletum.
1024 3170 1041 3218 4
1058 3185 1162 3234 proce·

188 3227 292 3279 derea.
339 3232 813 3299 dantiquiorvideatura,o‚l‚s.
843 3233 855 3301 ll
883 3237 987 3302 inipso
1000 3238 1020 3290 f.
1065 3239 1163 3290 131n-

186 3297 350 3360 scriptionem
360 3304 473 3352 seeundo
490 3319 577 3354 manua
595 3305 695 3354 addidit
712 3306 739 3354 in
751 3304 777 3356 d.
847 3306 882 3355 20
899 3320 989 3355 rerum
1002 3307 1127 3356 omnium
1141 3309 1162 3367 f,

188 3365 307 3414 omnium
324 3383 443 3420 rerums
466 3366 478 3435 ΙΙ
500 3386 676 3423 numerume
699 3367 711 3438 ΙΙ
735 3370 901 3422 collectione
918 3388 957 3422 r.·
1010 3374 1043 3423 26
1064 3390 1099 3425 ex
1117 3375 1164 3426 his

186 3447 232 3511 om.
245 3432 269 3495 l;
289 3436 315 3484 in
331 3439 444 3501 margine
456 3441 516 3489 add.
531 3439 557 3489 d.
592 3442 625 3491 27
640 3440 843 3505 coniunguntur
854 3440 876 3490 f.
912 3443 945 3492 30
958 3457 987 3492 se
1002 3440 1037 3490 ad
1050 3441 1076 3495 d.
1089 3439 1103 3508 ΙΙ
1116 3459 1163 3493 ra-

186 3502 269 3568 tioni,
284 3517 297 3552 s
315 3518 408 3554 rasura
425 3507 521 3566 deleto,
535 3523 559 3558 o.
