2446 3964
294 195 386 246 msc.
406 195 558 250 amrium.
578 198 619 260 11,
640 200 663 248 1.

65 519 72 525 ·
164 437 349 511 lncipit
385 437 511 492 liber
547 439 790 496 secundus.

10 590 234 657 Quemadmodum
256 591 299 646 ad
318 591 524 662 aequalitatem
545 593 635 646 omnis
655 593 851 664 inaequalitas
878 595 963 650 redu-

435 681 530 730 catur.

57 823 77 882 1.
91 805 280 900 sSuperioris
302 819 370 881 libri
391 820 589 900 disputatione
610 821 756 899 digestum
780 830 837 892 est,
861 817 981 904 quem-¹

11 907 151 968 admodum
171 915 231 966 tota
245 905 463 984 inaequalitatis
479 905 640 968 substantia
657 925 671 966 a
695 908 831 988 principe
852 911 898 968 sui
914 926 963 986 ge·
978 925 991 963 5
1050 932 1067 968 e

10 993 73 1052 ueris
94 989 275 1071 aequalitate
296 984 494 1070 processerit?
518 991 576 1052 Sed
598 1009 675 1070 quae
695 1009 797 1053 rerum
819 991 962 1054 clementa

10 1086 75 1148 sunt,
99 1096 136 1137 ex
158 1075 274 1136 hisdem
295 1074 498 1156 principaliter
514 1077 611 1135 omnia
629 1084 862 1154 componuntur,
885 1085 914 1138 et
934 1081 966 1137 in

10 1161 94 1221 eadem
117 1179 226 1222 rursus
251 1159 432 1222 resolutione
459 1160 535 1222 facta
557 1159 728 1230 solvuntur;
758 1168 804 1231 ut,
826 1163 964 1242 quoniam

11 1247 160 1307 articularis
176 1246 256 1306 vocis
272 1245 417 1306 elementa
435 1253 503 1306 sunt
517 1244 648 1314 litterae,
666 1244 702 1305 ab
719 1246 760 1306 cis
780 1254 826 1308 est
840 1247 964 1328 syllaba-

11 1347 59 1390 rum
73 1349 238 1411 progressa
255 1332 424 1391 coniunctio
441 1332 514 1391 etin
532 1329 649 1391 easdem
665 1347 770 1392 rursus
789 1333 965 1393 termInatur
980 1350 1004 1388 10

12 1423 155 1485 extremam
181 1415 366 1495 eandemque
385 1415 443 1476 vim
460 1414 573 1475 obtinet
588 1433 679 1475 sonus
694 1417 723 1475 in
743 1419 874 1478 musicis,
905 1417 964 1478 lam

7 1501 226 1585 faramundum
243 1518 368 1580 corpora
391 1508 531 1579 quattuor
553 1517 613 1560 non
636 1501 808 1578 ignoramus
831 1501 963 1571 cilicum

12 1601 121 1663 namque
136 1595 172 1647 ut
187 1587 241 1646 ait:
265 1585 309 1645 Ex
324 1584 427 1656 imbri,
444 1592 525 1644 terra
541 1592 629 1662 atquo
645 1587 742 1645 anima
758 1587 920 1664 gignuntur
937 1595 966 1645 et
1041 1621 1062 1664 q

12 1663 137 1744 igriiSed
153 1673 186 1730 in
202 1670 278 1730 haec
293 1688 397 1731 rursus
413 1671 476 1730 eius
492 1677 630 1748 quattuor
643 1669 787 1730 elementa
804 1671 836 1730 fit
849 1676 965 1750 postre-

13 1771 45 1813 ma
62 1754 182 1816 solutio.
213 1755 257 1815 Ita
278 1755 382 1832 igitur,
408 1756 548 1832 quoniam
570 1773 606 1814 cx
628 1752 811 1832 aequalitatis
832 1756 1005 1833 margines

13 1849 114 1902 cunctas
128 1839 348 1917 inaequalitatis
370 1839 483 1922 species
505 1840 653 1918 proficisci
670 1839 815 1910 videmus,
840 1841 935 1902 omnis
951 1859 967 1900 a

13 1922 76 1984 nohis
91 1923 289 2004 inaequalitas
311 1925 347 1985 ad
363 1923 568 2002 aequalitatem
589 1923 670 1985 velut
691 1925 727 1986 ad
744 1925 891 2004 quoddam
909 1925 967 1986 ole-

14 2019 127 2071 nentnm
143 2011 260 2089 proprii
276 2011 394 2088 generis
409 2009 583 2070 resolvatur.
613 2009 677 2070 Hoc
693 2017 792 2070 autem
806 2013 884 2072 trina
900 2029 967 2094 rur·

14 2107 48 2150 sus
58 2095 260 2174 imperatione
276 2093 439 2172 colligitur,
457 2112 549 2175 eaque
564 2093 733 2154 resolvendi
749 2111 797 2155 ars
807 2094 887 2155 'datis
903 2095 967 2174 qui·
1009 2113 1027 2150 o

62 2249 74 2294 1
92 2246 192 2296 Anicii
208 2245 310 2296 Manlii
328 2245 454 2296 Severini
466 2247 563 2296 Boccii
582 2231 615 2296 rc
640 2250 668 2296 et
690 2245 740 2298 inl.
761 2244 895 2296 exconsul
919 2245 969 2294 ord

16 2315 108 2372 patricii
136 2314 210 2364 liber
237 2313 373 2364 secundus
399 2313 506 2378 incipit.
536 2330 566 2374 a;
597 2314 690 2364 Anicii
719 2312 811 2362 Mallii
841 2311 969 2364 Severini

16 2393 89 2448 Boecii
110 2399 221 2461 (Boetii
236 2398 262 2460 l)
282 2414 318 2450 vc
330 2397 463 2449 exconsul
480 2397 530 2449 ord
545 2398 659 2462 patricii
677 2396 872 2446 arithmeticae
890 2398 969 2449 insti·

17 2465 133 2515 tritonum
149 2466 225 2516 liber
248 2466 384 2516 secundus
409 2465 468 2530 (·ΙΙΙ
487 2465 514 2530 l)
538 2465 645 2530 incipit.
669 2465 700 2527 b,
720 2464 746 2527 l;
772 2465 876 2530 Incipit
896 2465 969 2516 liber

18 2534 134 2583 secundus
157 2533 355 2584 arithmeticae
379 2534 398 2582 f.
415 2530 438 2598 ΙΙ
471 2533 577 2584 Titulum
596 2549 642 2585 om.
662 2532 688 2584 d,
717 2527 729 2598 ll
758 2532 905 2598 secundus]
924 2535 968 2585 ·11·

5 2612 68 2680 qus.
156 2605 220 2652 let
238 2605 254 2652 3
273 2601 350 2650 Hauc
369 2603 465 2652 titulum
483 2618 529 2654 om.
550 2617 576 2664 a,
595 2601 621 2664 b,
642 2600 666 2661 f,
685 2601 704 2652 l.
733 2595 747 2668 H
777 2601 924 2652 deducitur
941 2603 967 2656 d.

5 2666 173 2734 salagastum
193 2686 223 2732 a,
248 2667 384 2719 deiectum
402 2686 423 2722 r.
501 2671 516 2720 5
540 2685 556 2718 a
575 2686 622 2719 om.
648 2684 678 2732 a,
704 2685 727 2723 c.
802 2670 969 2720 helimenta

20 2737 153 2801 aetinfra.
243 2736 441 2788 9sillaharum
460 2753 491 2803 a,
510 2738 535 2801 l,
555 2753 581 2799 r,
601 2753 621 2787 s.
711 2740 742 2789 10
761 2739 924 2788 terminatus
944 2753 967 2790 c.

96 2815 124 2842 01·
489 2813 492 2820 “

21 2848 39 2897 ll
52 2853 118 2905 ¹IllI·
134 2873 159 2918 a,
180 2871 203 2915 o,
223 2855 242 2918 1,
262 2870 283 2918 r,
303 2869 330 2916 s;
351 2859 467 2920 quatuor
484 2855 512 2907 b.
584 2858 615 2906 13
632 2860 670 2908 ut¹
682 2857 721 2905 ait
734 2857 882 2907 Lucretius
902 2873 930 2919 c,
943 2856 967 2920 13

19 2926 37 2964 rt
50 2923 85 2970 ait
101 2924 186 2974 Plato
202 2939 230 2985 r3
254 2927 285 2972 ut
310 2925 349 2972 ait
371 2923 520 2972 Lucretius
542 2930 568 2972 at
592 2939 673 2987 supro
695 2941 793 2976 uersam
810 2941 861 2974 sec.
879 2941 968 2974 maure:

21 2983 97 3040 Glossa
119 2991 150 3054 b,
171 3007 200 3054 s;
227 2995 259 3040 ut
277 2991 317 3040 ait
335 2999 360 3040 et
377 3007 457 3056 supra
479 3006 577 3040 uersum
599 2997 684 3056 poeta
707 2993 752 3042 vel
774 2992 850 3058 philo
873 2999 899 3042 et
915 3009 967 3042 sec.

21 3067 70 3104 nanu
87 3059 191 3124 sophus
209 3057 380 3108 lucretiusd
405 3059 565 3122 (Lucretius
584 3059 612 3123 Ι,
637 3061 700 3109 716ε
725 3063 765 3110 Ex
785 3061 858 3124 Igni,
882 3060 969 3110 Terra

21 3131 80 3186 tique
97 3127 200 3176 Anima
217 3141 394 3191 procrescere
415 3131 443 3176 et
460 3126 564 3187 Imbri).
589 3123 601 3192 ll
624 3127 705 3177 imbri
724 3132 752 3179 et
770 3132 845 3178 terra
857 3143 879 3178 s.
898 3125 909 3193 [l
927 3133 968 3178 at-

23 3200 54 3246 lie
69 3209 113 3246 om.
128 3211 153 3260 a,
174 3209 200 3252 r;
219 3200 350 3258 terraque
368 3194 396 3259 b,
411 3195 467 3256 c‚l.
492 3191 504 3259 ll
529 3194 665 3245 animatia
685 3212 715 3257 a;
734 3196 827 3246 anima
846 3203 871 3246 et
888 3211 970 3260 supra

23 3269 93 3309 tauma
115 3263 134 3311 i.
155 3277 220 3312 aere
237 3262 269 3327 b,
288 3262 306 3311 l.
394 3265 426 3311 14
445 3263 528 3313 ·1111·
554 3277 581 3324 c,
603 3278 623 3313 s.
651 3259 662 3328 Η
690 3269 827 3328 postremo
851 3280 881 3325 a,
901 3280 930 3327 c,
949 3264 968 3313 f.

25 3323 42 3370 li
53 3329 181 3381 resolutio
198 3331 210 3379 i
216 3367 223 3393 ,
247 3347 273 3394 s3
293 3329 406 3390 solutio,
431 3346 460 3380 re
477 3346 559 3394 supra
576 3346 674 3380 uersum
696 3335 785 3382 addito
804 3331 821 3380 l.
851 3327 865 3396 [l
892 3331 969 3380 inae·

26 3394 119 3447 'liclitas
132 3415 149 3448 a
167 3398 248 3449 nobis
268 3413 292 3462 c,
312 3397 338 3460 d,
358 3398 378 3460 f,
398 3398 416 3462 1,
436 3415 457 3449 r.
511 3400 542 3448 17
555 3399 637 3448 velud
657 3415 679 3448 s.
703 3397 714 3464 ΙΙ
737 3399 815 3450 velut
833 3412 926 3447 rursus
940 3414 964 3458 a,

27 3469 89 3512 tusus
108 3466 187 3516 velut
206 3467 232 3528 d,
251 3466 271 3528 f,
292 3465 310 3527 l,
326 3481 346 3516 s.
419 3467 450 3516 18
469 3467 547 3517 Haec
565 3482 633 3520 corr.
653 3469 679 3516 im
697 3467 749 3516 hoc
768 3483 795 3528 εις
817 3467 870 3516 hoc
888 3481 968 3528 supra

27 3537 93 3580 iditum
110 3549 133 3581 r.
204 3536 236 3584 19
256 3533 405 3599 collegitur
424 3550 447 3584 c.
