2398 3968
357 163 448 215 INST.
467 163 619 216 ARITHM.
639 166 664 224 I,
685 165 725 214 18.
982 159 1022 226 3Ἱ

69 333 129 402 bus;
157 335 299 414 quosdam
321 343 435 404 autem,
456 342 489 395 ut
509 342 630 413 praeter
650 335 793 394 unitatem
816 351 920 394 eorum
943 331 1024 394 nulla

69 436 191 480 mensura
213 420 260 481 sit.
306 419 364 490 Qui
386 437 457 498 ergo
478 417 589 479 nullam
610 437 778 480 mensuram
794 425 913 499 praeter
928 420 1024 479 unita·

68 513 117 563 tem
140 505 299 584 recipiunt,
335 505 389 564 hos
415 506 528 583 primos
556 512 585 565 et
609 505 823 584 incompositos
849 504 1023 574 iudicamus,

68 589 195 666 quivero
217 589 347 668 aliquam
370 607 540 651 mensuram
560 598 680 670 praeter
702 589 845 650 unitatem
861 588 907 650 vel
923 588 1023 649 alieni·

68 689 148 748 genae
162 675 254 753 partis
268 673 446 735 vocabulum
462 675 641 742 sortiuntur,
665 691 716 734 eos
736 673 963 754 pronuntiemus
979 685 1052 735 set

68 759 166 819 cundos
181 765 272 839 atque
288 755 476 838 compositos.
497 759 630 820 Tertium
643 775 713 819 vero
730 757 800 820 illud
816 774 909 835 genus
924 777 978 838 per
993 775 1025 819 se

68 844 175 904 secundi
191 851 221 904 et
236 845 407 924 compositi,
429 845 518 924 primi
539 862 608 904 vero
631 853 658 904 et
674 844 865 924 incompositi
885 843 922 904 ad
938 843 1025 903 alter·

68 935 154 988 utrum
177 929 355 1008 comparati,
381 929 436 989 hac
458 929 613 1008 inquisitor
633 930 763 999 ratione,
791 929 950 1008 repperiet.
996 928 1026 988 si

67 1014 133 1072 enim
154 1013 303 1093 quoslibet
329 1012 396 1074 illos
422 1031 562 1074 numeros
589 1014 752 1074 secundum
774 1030 857 1074 suam
879 1015 910 1071 in
932 1020 1027 1073 semet

66 1097 132 1174 ipsos
152 1096 334 1178 multiplices
354 1100 545 1178 quantitatem
553 1119 566 1168 ,·
583 1101 633 1177 qui
649 1106 861 1178 procreantur,
884 1097 919 1158 ad
936 1096 1065 1158 alter-10

65 1188 152 1242 utrum
168 1184 335 1263 comparati
356 1182 434 1244 nulla
452 1201 611 1244 mensurae
629 1184 837 1244 communione
852 1185 1025 1261 iunguntur.

67 1265 116 1326 ·lll·
130 1268 208 1327 euim
225 1275 255 1328 et
271 1269 313 1328 ·V·
327 1269 351 1328 si
366 1267 551 1349 multiplices,
571 1267 628 1328 ·lll·
644 1269 735 1328 tertio
750 1266 845 1328 ·Vllll·
863 1269 980 1337 facient,
998 1275 1027 1328 et

65 1353 209 1432 quinquies
226 1352 269 1410 ll·
286 1352 413 1413 reddent
429 1353 526 1414 ·XXV·
567 1353 618 1413 His
632 1353 722 1432 igitur
738 1352 817 1413 nulla
833 1360 878 1414 est
893 1370 1025 1436 commus

65 1436 101 1494 nis
115 1455 274 1498 mensurae
291 1439 435 1514 cognatio.
458 1439 571 1499 Rursus
584 1439 626 1499 ·V·
641 1445 670 1498 et
684 1437 752 1499 ·Vll·
766 1455 841 1518 quos
856 1445 1037 1518 procreant,r

66 1523 86 1578 si
99 1539 260 1601 compares,
278 1522 308 1581 bi
324 1541 443 1602 quoque
458 1523 775 1583 incommensurabiles
791 1530 888 1583 erunt.
934 1523 1065 1593 Quin-:u

65 1606 135 1680 quies
154 1608 236 1668 enim
254 1609 308 1678 ·V·,
324 1615 357 1668 ut
373 1607 484 1668 dictum
501 1615 559 1678 est,
579 1606 684 1677 ·XXV·‚
703 1608 812 1688 septies
829 1606 898 1667 ·Vll·
916 1605 1027 1666 iaciunt
1099 1597 1120 1661 :l

65 1688 212 1762 ·lLVllll·,
230 1709 357 1770 quorum
373 1709 512 1753 mensura
529 1691 610 1752 nulla
627 1693 793 1752 eommunis
806 1700 859 1761 est,
878 1692 934 1752 nisi
950 1693 1045 1779 torte!

64 1776 182 1836 omnium
201 1775 310 1838 horum
325 1779 509 1856 procreatrix
527 1785 556 1837 et
572 1783 665 1838 mater
682 1778 789 1838 unitas.
1025 1785 1045 1816 Α

62 1962 99 2018 De
112 1969 276 2024 inventione
292 1983 391 2024 eorum
406 1983 600 2038 numerorum,
619 1972 669 2041 qui
684 1969 725 2024 od
737 1984 768 2024 se
780 1968 902 2025 sectandi
915 1974 942 2024 ct
954 1984 1027 2024 eom·

108 2055 196 2122 positi
211 2057 293 2122 suut,
312 2054 352 2108 ad
365 2055 437 2110 otios
453 2068 521 2110 cero
537 2055 626 2110 relati
636 2055 726 2125 primi
740 2061 767 2110 et
781 2055 971 2124 incompositi.
1041 2081 1067 2121 20

119 2198 221 2260 XVlll.
263 2201 326 2272 Qua
346 2217 417 2261 vero
433 2202 547 2261 ratione
568 2201 642 2262 tales
658 2217 797 2260 numeros
814 2199 945 2260 invenire
960 2217 1027 2278 pos·

62 2281 158 2354 simus,
182 2286 210 2345 si
231 2287 298 2364 quis
319 2284 405 2347 nobis
428 2285 548 2346 eosdem
570 2293 720 2366 proponat
740 2291 770 2344 et
790 2285 917 2363 imperet
937 2301 1027 2362 agno-

62 2381 152 2438 scere,
180 2376 282 2430 utrum
304 2368 398 2450 aliqua
423 2387 562 2431 mensura
585 2367 868 2430 commensurabiles
888 2370 962 2440 sint,
991 2387 1026 2430 an
1062 2435 1080 2446 ..

61 2460 132 2512 certe
147 2453 211 2514 sola
228 2455 326 2517 unitas
341 2463 484 2532 utrosque
500 2454 654 2524 metiatur,
678 2454 870 2535 repperiendi
891 2473 940 2516 ars
962 2455 1026 2514 talis
1074 2469 1077 2474 ·

61 2543 106 2594 est.
149 2538 233 2600 Datis
260 2541 339 2600 euim
366 2539 483 2600 duobus
503 2540 637 2600 numeris
657 2538 878 2620 inaequalibus,
907 2539 1025 2600 auferre
1039 2554 1064 2596 25
1073 2539 1166 2604 itte--

61 2617 91 2680 de
109 2625 225 2684 maiore
246 2625 392 2685 minorem
415 2623 579 2704 oportebit,
608 2625 707 2704 etqui
729 2623 850 2686 relictus
873 2625 976 2692 fuerit,
1004 2625 1028 2684 si

61 2707 145 2766 maior
167 2714 228 2780 est,
253 2708 372 2770 auferre
394 2727 428 2769 ex
445 2727 481 2770 eo
497 2726 602 2770 rursus
618 2709 782 2777 minorem,
804 2711 828 2769 si
845 2727 915 2770 vero
930 2711 1028 2770 minor

64 2785 160 2862 luerit,
190 2811 257 2854 eum
286 2812 321 2856 ex
348 2792 463 2872 reliquo
488 2795 602 2856 maiore
626 2793 783 2856 detrahere
805 2801 892 2873 atque
913 2793 972 2855 hoc
993 2813 1028 2855 eo

117 2961 305 3029 Secmparuti
318 2979 364 3015 om.
379 2979 403 3017 c.
427 2959 438 3030 ΙΙ
467 2963 540 3013 hanc
563 2964 719 3026 insequitur
741 2963 877 3012 rationem
907 2965 1029 3028 reperiet

60 3049 80 3090 et
98 3059 179 3110 supra
201 3063 314 3098 uersum:
336 3047 391 3098 hac
414 3047 564 3112 inquisitor
586 3048 695 3099 ratione
719 3047 843 3114 reperies
865 3062 887 3102 r.
922 3045 935 3114 [Ι
967 3057 1028 3099 unte

59 3115 191 3232 {gpperdiiet
208 3116 288 3249 αάάὶῙΙ
300 3130 326 3165 s:
345 3114 451 3197 nullent
468 3131 615 3234 mlenqurae
624 3117 771 3235 1rssotrilonem
789 3122 913 3249 etfsufiora
929 3132 1028 3196 versum

103 3195 138 3230 au
208 3198 247 3238 er.
322 3197 351 3234 re
393 3197 465 3234 ens
547 3226 553 3240 .
699 3198 778 3234 reso
826 3220 831 3233 .
925 3199 972 3233 urn
993 3200 1027 3234 ue

59 3247 166 3313 a‚1,r‚
187 3197 210 3301 ξ.
239 3247 251 3317 Ι]
279 3199 478 3315 ττοεῖῗᾶξί.
507 3220 519 3318 ῙΙ
548 3253 642 3303 tertio.
662 3253 717 3303 -111·
738 3267 762 3306 e.
786 3222 798 3319 sl
821 3197 1026 3317 faoiublte11f3

59 3310 172 3382 facient,
199 3333 213 3369 e
236 3321 372 3378 inlitora,
395 3334 420 3370 r.
495 3323 527 3371 13
545 3319 663 3370 reddunt
681 3320 701 3371 f.
736 3316 748 3386 ll
783 3319 982 3370 communionis
1001 3334 1028 3369 n.

59 3379 84 3429 14
100 3385 224 3451 quinque
243 3403 274 3450 a,
292 3386 316 3450 1,
334 3402 362 3450 r,
381 3401 404 3442 s.
438 3383 450 3454 ΙΙ
484 3392 591 3452 septem
609 3387 639 3452 d,
659 3388 678 3438 i.
755 3388 787 3438 16
809 3387 928 3452 quinque
948 3402 979 3448 a,
999 3387 1027 3446 b,

58 3444 111 3508 br.
141 3449 154 3520 ΙΙ
185 3459 292 3521 septem
311 3470 341 3518 a,
362 3455 392 3514 b,
411 3453 441 3519 d,
461 3455 485 3519 l,
503 3471 532 3522 r,
552 3471 575 3507 s.
601 3451 614 3522 ss
643 3455 816 3506 fuciuntom.
838 3469 861 3504 c.
934 3454 965 3502 19
987 3453 1029 3500 rt·-

60 3518 114 3569 lttlur
132 3523 159 3572 iu
178 3526 291 3589 morpine
309 3525 402 3589 lepitur
419 3525 446 3574 in
464 3521 489 3577 d.
564 3525 596 3574 22
621 3524 702 3574 uobis
721 3539 767 3576 om.
790 3537 813 3575 c.
