2398 3968
320 110 412 162 INS'F.
430 109 583 163 ARITHM.
602 113 629 172 Ι,
650 113 690 166 111.
955 113 995 178 31

10 282 137 341 'narium
167 280 213 341 ·ll·
239 297 301 340 333
327 287 501 350 numerant,
532 281 657 358 idcirco,
687 284 826 362 quoniam
854 285 880 345 si
914 283 993 346 solos

32 366 95 426 duos
111 373 214 426 contra
234 364 292 427 ·lll·
310 383 474 445 compares,
493 368 648 444 pauciores
664 375 746 438 sunt,
764 369 808 429 sin
824 387 894 430 vero
911 369 993 431 bina-

10 452 96 510 rium
117 449 162 510 bis
183 451 287 517 iacias.
311 450 436 529 amplior
452 458 497 512 est
516 451 625 522 tribus,
653 470 720 512 cum
737 455 844 515 crescit
863 455 894 514 13
919 453 991 516 ·llll·

30 536 138 596 Metitur
156 543 256 597 autem
272 553 415 598 numerus
432 553 605 609 numerum,
629 537 765 616 quotiens
780 537 825 600 vel
840 538 931 600 semel
947 539 992 600 vel

10 617 67 680 'bis
94 619 138 681 vel
168 621 257 680 tertio
289 618 333 681 331
364 620 575 699 quotienslibet
605 640 747 684 numerus
773 622 993 686 adnumerum
1018 643 1030 684 3

30 712 212 782 comparatus
228 723 326 784 neque
343 706 628 774 deminutafsumma
644 725 740 787 neque
756 713 840 768 aucta
858 709 894 769 ad
911 728 991 772 eom-

30 791 111 866 parati
133 791 253 852 numeri
274 791 435 851 terminum
455 808 550 868 nsque
576 794 760 871 pervenerit,
790 799 822 854 ut
844 793 888 854 ·ll·
911 795 935 854 si
957 794 992 855 ad

31 874 76 934 tl·
97 893 269 954 compares,
291 874 425 937 binarius
445 893 587 938 numerus
608 877 759 938 senarium
781 878 869 939 lertio
890 880 992 939 metie-

30 960 88 1025 1331
118 960 238 1021 Primos
261 978 332 1038 ergo
359 968 388 1022 et
408 962 622 1041 incompositos
646 960 744 1024 nullus
765 979 908 1026 uumerus
929 981 991 1024 me·

30 1046 104 1104 tietur
117 1053 241 1124 praeter
257 1047 399 1107 unitatem
415 1045 522 1121 sulam,
547 1047 684 1124 quoniam
701 1065 737 1108 ex
753 1045 841 1108 nullis
857 1047 920 1110 aliis
937 1065 990 1109 nu·
1006 1068 1030 1106 ro

30 1131 106 1191 meris
127 1131 287 1208 compositi
302 1138 384 1201 sunt,
407 1131 460 1192 sed
476 1138 590 1192 tanturn
613 1150 648 1192 ex
669 1131 831 1193 unitatibus
852 1133 883 1194 in
899 1140 992 1194 semet

28 1215 87 1291 ipsis
105 1217 200 1276 auctis
217 1214 476 1295 multiplicatisque
491 1223 697 1295 procreantur.
743 1217 802 1278 Ter
818 1219 898 1279 enim
915 1235 991 1280 unus

31 1298 78 1359 ·lll·
100 1309 127 1360 et
148 1301 309 1380 quinquies
331 1318 407 1360 unus
424 1302 465 1362 ·V·
486 1308 514 1362 et
534 1303 643 1380 septies
666 1320 743 1363 unus
759 1302 829 1364 ·Vll·
846 1301 989 1374 lecerunt,

29 1383 112 1444 etalii
132 1385 270 1465 quidem,
299 1403 374 1464 quos
396 1403 486 1465 supra
514 1387 738 1466 descripsimus
770 1387 874 1450 eodem
900 1388 990 1448 modo

28 1480 185 1531 nascuntur.
233 1470 271 1530 Hi
293 1477 392 1532 autem
413 1471 443 1531 in
465 1479 558 1534 semet
579 1473 661 1551 ipsos
677 1470 862 1553 multiplicati
877 1472 1026 1534 1313133133

28 1553 88 1614 alios
111 1572 257 1616 numeros
282 1555 363 1616 velut
384 1557 487 1634 primi,
515 1573 625 1636 eosque
647 1559 772 1636 primam
796 1575 898 1617 rerum
919 1556 990 1618 sub·

28 1641 148 1702 stantiam
178 1643 301 1720 vimque
329 1641 449 1702 sortitos
473 1648 649 1704 cunctorum
671 1660 688 1702 a
708 1659 741 1703 se
759 1648 989 1719 procreatorum

29 1723 93 1785 velut
106 1726 253 1805 quaedam
271 1725 415 1787 elementa
432 1727 599 1805 repperies,
622 1728 689 1806 quia
708 1725 820 1788 scilicet
835 1730 989 1806 incompo-

10 1810 64 1896 till
90 1819 156 1872 3331
188 1819 219 1872 31
248 1809 376 1889 simplici
405 1813 595 1888 generatione
623 1812 740 1874 formati
767 1819 854 1891 atque
881 1813 911 1872 in
938 1829 989 1874 eos

10 1901 128 1966 ffumnes,
160 1896 333 1976 quicunque
364 1914 399 1956 ex
428 1896 475 1958 bis
504 1895 610 1974 prolati
636 1905 704 1957 3331
734 1897 864 1967 numeri,
896 1895 1027 1958 resol-ao

28 1989 135 2049 333133,
167 1982 227 2058 ipsi
252 1997 322 2040 vero
343 1999 440 2059 neque
467 1999 503 2042 ex
530 1979 592 2042 aliis
613 1983 820 2060 producuntur
842 2000 937 2061 neque
959 1983 988 2042 13

10 2095 11 2104 1
28 2061 87 2126 alios
102 2064 300 2127 reducuntur.

297 2235 340 2312 De
357 2259 483 2314 secundo
499 2263 527 2313 et
542 2260 705 2328 composito.

10 2393 11 2484 1
77 2403 133 2465 llV.
182 2405 338 2467 Secundus
353 2423 424 2465 vero
443 2412 472 2466 et
488 2404 668 2484 compositus
684 2409 712 2464 et
727 2403 791 2484 ipse
808 2404 926 2482 quidem
942 2405 987 2464 in·

10 2505 11 2554 ἲ
28 2505 69 2562 par
83 2497 138 2561 est,
159 2496 319 2570 propterea
337 2490 415 2568 quod
432 2489 535 2550 eadem
552 2490 662 2569 inparis
676 2490 857 2569 proprietate
874 2488 982 2550 forma·
997 2508 1022 2548 33

10 2559 131 2656 1133331,
154 2574 210 2635 331
232 2573 342 2636 nullam
360 2576 391 2634 in
408 2593 440 2636 33
455 2575 562 2635 3311331
577 2573 772 2635 substantiam
789 2573 985 2655 principalem

10 2659 11 2716 Τ
29 2661 254 2739 compositusque
276 2667 321 2720 est
342 2678 377 2720 33
399 2658 461 2720 31113
482 2660 614 2720 numeris
635 2657 783 2737 habetque
804 2668 904 2741 partes
926 2668 986 2720 eta

30 2745 128 2822 seipso
151 2752 182 2806 et
204 2744 240 2805 ab
258 2743 356 2806 alieno
373 2743 516 2805 vocabulo
533 2743 750 2814 denominatas;
773 2745 823 2805 sed
840 2763 855 2804 a
872 2761 904 2805 33
920 2746 985 2824 ipso

31 2823 233 2890 denominatam
255 2838 371 2910 partem
393 2828 485 2891 solam
507 2848 624 2910 semper
647 2831 676 2890 in
693 2830 738 2891 his
754 2830 906 2910 repperies
922 2830 985 2890 uni·

30 2917 116 2983 tatem,
149 2914 187 2975 ab
215 2913 311 2977 alienu
338 2933 408 2976 vero
430 2913 572 2976 vocabulo
594 2914 640 2975 vel
663 2933 752 2976 unam
775 2914 820 2976 vel
843 2912 1023 2991 quotlibeteo

82 3117 168 3170 ldno
182 3119 201 3170 f.
260 3121 349 3169 2tres
364 3119 384 3169 f.
443 3118 687 3185 3qnattuord‚f.
744 3121 759 3169 7
778 3118 946 3184 provenite,
961 3134 985 3180 3,

30 3179 82 3242 d,l.
114 3183 125 3252 ΙΙ
161 3185 214 3237 133
233 3187 252 3236 f.
330 3188 517 3238 8333111331.
594 3186 749 3238 1313331.
779 3182 791 3252 11
820 3187 940 3251 quinque
964 3187 984 3236 f.

31 3249 131 3304 1431133
152 3271 177 3304 3.
232 3255 369 3320 idprimu
388 3271 413 3308 3.
468 3259 499 3307 17
518 3272 535 3308 3
555 3271 584 3306 se
598 3272 643 3307 333.
658 3271 682 3306 3.
737 3255 769 3304 18
788 3254 897 3305 33111331
916 3259 944 3305 et
959 3271 983 3312 a,

30 3314 80 3375 b,t.
145 3325 179 3372 22
199 3322 461 3389 aliue,b‚d,f‚l.
492 3319 504 3390 11
533 3323 710 3374 recluduntur
730 3337 753 3372 c.
823 3322 942 3385 253313
962 3335 984 3374 3.

30 3383 120 3441 28-30
142 3389 336 3442 denominatas
454 3392 591 3443 vocabulo
620 3394 645 3442 in
669 3391 782 3454 morpine
803 3391 939 3454 superiore
962 3405 983 3438 3.

31 3450 53 3501 li
67 3459 173 3522 reperio
191 3459 219 3514 b.
290 3462 447 3512 3031133333
470 3460 627 3512 3313333.
658 3455 669 3525 11
699 3457 844 3522 quodlibet
863 3472 894 3521 3,
913 3456 943 3518 1,
963 3471 983 3504 3.
