2446 3964
191 165 231 232 78
497 165 588 216 rnsr.
606 165 759 215 Amrnn.
777 165 818 228 Π,
841 167 862 213 r.

192 336 324 399 buslibet
339 335 436 397 tribus
451 336 585 396 terminis
605 332 810 412 inaequalibus
832 332 952 412 quidem
968 333 1018 394 sed
1035 351 1185 414 propor-

191 421 339 483 tionaliter
368 421 546 490 constitutis,
568 419 596 479 id
622 424 719 478 estut
746 417 870 478 eandem
899 417 1013 478 medius
1040 419 1076 478 ad
1106 423 1180 498 pri-

191 525 272 567 mum
288 508 344 566 vim
357 505 559 585 proportionis
571 503 710 571 obtineat,
729 520 814 580 quam
828 503 877 582 qui
891 509 935 562 est
947 512 1111 574 extremus
1133 505 1178 564 ad

190 590 336 661 medium,
358 592 388 649 in
406 589 536 666 qualibet
550 585 765 664 inaequalitatis
782 588 895 646 ratione
911 585 956 646 vel
972 588 1002 645 in
1018 585 1174 667 multipli-

166 675 288 746 5cibuS,
306 674 351 735 vel
367 676 397 733 in
414 669 748 752 superparticularibus,
765 670 810 730 vel
823 673 853 731 in
865 671 1175 751 superpartientibus

191 759 237 822 vel
248 761 278 820 in
296 759 357 829 bis,
377 760 478 836 quiex
496 757 542 818 his
559 761 756 837 procreantur
772 754 984 836 multiplicibus
1000 774 1178 838 superpar-

190 843 374 913 ticularibus,
383 842 429 903 vel
439 839 950 922 multiplicibussuperpartientibus,
960 841 1063 902 eadem
1073 847 1177 919 atque

191 948 248 990 una
262 930 377 990 ratione
388 927 554 988 indubitata
567 924 721 986 constabit.
738 925 900 1003 Propositis
913 925 991 985 enim
1003 925 1117 996 tribuS,
1138 937 1178 987 ut

191 1014 302 1075 dictum
326 1020 380 1081 est,
403 1012 651 1090 terminisaequis
672 1009 915 1087 proportionibus
936 1009 1079 1070 ordinatis
1096 1009 1176 1071 ulti-

8 1103 21 1148 r:
48 1112 271 1172 nuntiomrnn
299 1115 417 1174 semper
443 1096 539 1156 medio
566 1094 755 1157 detrahamus
777 1101 806 1154 et
835 1095 931 1172 ipsum
959 1094 1079 1173 quidem
1096 1093 1176 1156 ulti-

190 1200 272 1242 mum
293 1183 422 1261 primum
443 1182 602 1242 terminum
619 1178 826 1248 conlocemus
848 1178 928 1256 quod
949 1179 985 1239 de
1001 1179 1101 1240 medio
1117 1197 1177 1241 re-

190 1267 349 1344 linquitur,
373 1266 545 1326 secundnm.
576 1265 618 1324 De
633 1265 720 1324 tertia
737 1281 805 1324 vero
822 1264 1043 1342 propositorum
1059 1268 1176 1326 termi-

190 1369 298 1410 norum
320 1367 434 1412 summa
457 1351 626 1410 auferemus
648 1367 740 1408 unum
762 1349 890 1427 primum
912 1356 942 1408 et
967 1348 1041 1409 duos
1056 1365 1178 1410 secun-

191 1436 258 1503 dos,
276 1452 342 1504 eos,
359 1435 410 1510 qui
425 1434 462 1494 de
477 1435 633 1494 medietate
649 1433 744 1493 relicti
759 1440 842 1501 sunt,
862 1440 891 1492 et
906 1432 934 1492 id
952 1432 1031 1509 quod
1049 1451 1086 1492 ex
1105 1441 1179 1494 ter-

152 1536 177 1574 ro
191 1522 231 1580 tia
253 1535 367 1580 summa
389 1518 582 1597 relinquitur,
613 1518 733 1578 tertium
754 1519 915 1576 terminum
937 1517 1178 1582 constituemus

192 1604 311 1666 Videbis
333 1604 424 1681 igitur
439 1604 497 1664 hoc
519 1603 596 1663 lacto
619 1605 650 1662 in
666 1603 812 1662 minorem
828 1601 948 1662 modum
964 1619 1100 1662 summas
1117 1622 1179 1666 re·

190 1691 263 1750 verti
281 1689 356 1750 etad
370 1687 608 1768 principaliorem
624 1685 827 1748 habitudinem
839 1687 1076 1765 comparationes
1093 1707 1179 1768 pro·

190 1774 402 1852 portionesque
417 1772 520 1833 reduci
528 1767 538 1840 ,ἕ
552 1780 584 1832 ut
599 1773 622 1830 si
638 1773 676 1831 sit
691 1770 855 1849 quadrupla
871 1771 1041 1850 proportio,
1063 1773 1179 1850 primo

191 1857 227 1917 ad
243 1855 377 1936 triplam,
401 1857 468 1916 inde
485 1857 520 1917 ad
537 1855 671 1935 duplam,
695 1856 764 1916 inde
785 1856 820 1915 ad
844 1854 1048 1932 aequalitatem
1065 1874 1177 1934 usque

38 1959 47 1970 ”
147 1935 177 2004 ’20
190 1959 342 2010 remeare;
365 1948 394 2000 et
409 1943 432 2001 si
448 1942 486 2002 sit
500 1941 779 2020 superparticularis
800 1940 1040 2018 sesquiquartum
1062 1943 1177 2018 primo

89 2053 91 2058 v
191 2026 227 2087 ad
242 2026 479 2104 sesquitertium,
495 2026 563 2086 inde
579 2026 614 2086 ad
631 2023 858 2108 sesqualterum,
874 2031 1030 2103 postremo
1047 2023 1085 2084 ad
1103 2033 1178 2089 tres

190 2109 328 2189 aequales
343 2111 487 2170 terminos
507 2109 622 2171 redire?
645 2109 709 2170 Hoc
730 2116 829 2169 autem
844 2126 899 2168 nos
922 2107 1049 2188 exempli
1065 2114 1175 2186 gratia

189 2196 219 2255 in
248 2194 403 2273 multiplici
428 2202 541 2256 tantum
568 2195 761 2272 proportione
789 2192 977 2260 docebimus,
1009 2193 1175 2259 sollertem

189 2282 305 2341 veroin
322 2279 386 2340 aliis
402 2298 521 2360 quoque
541 2278 755 2358 inaequalitatis
777 2277 933 2356 speciebus
956 2276 986 2336 id
1002 2279 1178 2354 experien-

151 2378 176 2416 25
190 2371 249 2424 tem
276 2365 377 2425 eadem
403 2366 479 2424 ratio
510 2371 740 2442 praeceptorum
772 2360 892 2422 iuvabit.
938 2361 1178 2426 Constituantur

190 2449 268 2508 enim
284 2459 345 2509 tres
361 2467 377 2508 a
393 2467 424 2508 se
440 2450 558 2510 termini
574 2447 740 2527 quadrupli,

419 2581 492 2642 Vlll.
580 2583 695 2644 XXXII.
783 2579 929 2642 CXXVlll.

227 2785 235 2794 ,
254 2715 344 2776 Auser
359 2716 448 2792 igitur
464 2733 500 2775 ex
515 2716 612 2777 medio
624 2721 786 2785 minorem,
803 2717 832 2777 id
849 2723 894 2777 est
906 2734 942 2776 ex
953 2717 1072 2794 triginta
1087 2717 1106 2777 d
1112 2739 1179 2780 uo-

191 2798 247 2860 bus
263 2800 461 2870 octonarium,
478 2799 687 2879 relinquuntur
704 2801 829 2864 ·XXllll·
848 2808 876 2861 et
891 2801 1020 2878 primum
1039 2809 1177 2866 octona-

152 2897 177 2937 oo
191 2885 268 2944 rium
296 2885 457 2944 terminum
483 2903 575 2964 pone,
607 2888 772 2949 secundum
800 2903 886 2954 vero,
916 2885 994 2965 quod
1021 2884 1177 2953 relictum

190 2967 280 3030 tuerit
302 2988 337 3030 ex
358 2969 471 3040 medio,
496 2971 525 3031 id
548 2980 592 3033 est
613 2972 753 3041 ·XXllll·,
782 2980 815 3028 ut
838 2970 895 3030 sint
910 2970 941 3030 hi
962 2969 1020 3029 duo
1038 2976 1178 3037 termini

204 3157 207 3170 ⁸
258 3155 475 3219 3quamhabet
499 3173 524 3210 a.
611 3161 716 3223 tquae
736 3173 765 3221 c,
785 3155 814 3218 d,
839 3155 907 3218 l‚r‚
929 3169 951 3208 s.
979 3153 991 3220 ΙΙ
1019 3156 1097 3206 exis
1119 3159 1179 3230 d.Jt

189 3222 253 3271 Post
276 3227 456 3287 procreantur
473 3226 546 3275 addit
569 3226 622 3276 hoe
641 3231 684 3276 est
703 3241 725 3274 e.
780 3222 859 3274 ivel
883 3239 929 3273 om.
951 3222 972 3276 f.
1036 3225 1052 3274 9
1071 3229 1105 3274 ut
1125 3229 1176 3278 ul-

189 3290 285 3338 timum
310 3307 339 3355 a,
359 3307 387 3352 c,
410 3295 441 3340 ut
458 3307 538 3356 capra
555 3310 652 3344 cersona
675 3311 696 3343 r.
773 3293 804 3340 12
826 3290 915 3340 tercio
934 3290 952 3342 f·
1030 3293 1062 3342 13
1082 3296 1177 3348 aufe—

189 3371 281 3408 remus
305 3373 330 3422 ες
355 3359 509 3410 auferemus
532 3377 600 3411 eorr-
625 3363 652 3411 in
675 3362 834 3410 auferamus
858 3374 883 3410 a.
954 3360 986 3409 23
1010 3359 1177 3426 multiplici

189 3421 308 3493 tantum]
333 3427 577 3492 multiplicantium
596 3430 621 3479 d.
647 3426 657 3494 ll
687 3429 816 3479 solertem
836 3442 859 3487 a,
880 3427 906 3489 b,
926 3442 947 3475 r.
1023 3429 1057 3477 29
1076 3428 1178 3482 relin-

190 3499 277 3557 quunt
295 3511 319 3548 c.
388 3498 421 3546 30
439 3512 524 3560 pones
544 3498 567 3547 d.
638 3501 669 3547 31
689 3501 752 3546 sunt
771 3512 794 3546 e.
820 3493 831 3562 ΙΙ
856 3494 898 3544 ·II·
919 3509 942 3544 c.
