2398 3968
206 179 250 245 44
508 179 878 244 ruer.seruuu.1,oo

206 355 343 430 vestiges.
374 352 471 414 Penes
486 354 563 414 enim
582 354 613 414 ·l·
630 350 744 427 licebit,
762 359 791 413 et
805 348 967 431 posthunc
983 351 1028 411 ·ll·
1045 359 1077 412 et
1095 350 1176 421 ·llll·,

207 439 259 517 qui
287 439 318 498 iu
347 439 548 517 septenarium
579 436 775 500 cumulantur.
827 434 884 497 Sed
915 435 951 496 de
980 435 1038 496 hoc
1065 436 1176 496 (ludum

162 535 172 554 ·
208 523 315 583 exstitit
332 520 468 583 ·XXVlll·
484 524 635 603 perlectus
655 539 806 583 numerus.
851 519 926 581 lluio
946 521 1035 599 igitur
1058 523 1113 600 qui
1135 540 1174 582 se·
1196 530 1197 622 l

207 607 307 685 quitur
321 608 435 688 paritor
449 625 504 687 pur
518 607 549 668 id
565 615 611 669 est
626 606 725 676 ·Vlii·,
750 607 905 666 continens
921 607 1061 684 iungetur
1080 623 1175 667 acces·
1196 623 1197 688 l

180 690 265 762 osio,
288 694 339 769 qui
360 691 511 772 prioribus
532 692 743 772 superveniens
766 689 835 752 ·XV·
856 690 1001 752 restituet.
1047 691 1113 752 Sed
1134 691 1175 751 bic
1196 695 1197 748 l

204 778 320 856 primus
336 784 365 838 et
379 778 594 857 incompositus
610 794 670 837 non
686 784 745 846 est,
768 773 859 836 hebet
874 776 952 835 enim
968 777 1091 853 generis
1109 777 1174 836 elte-

205 863 268 923 rius
287 870 402 941 partem
425 880 514 941 super
535 861 629 931 illem,
653 879 730 940 queo
751 867 796 920 est
815 878 832 920 a
852 878 885 922 se
899 861 962 940 ipss
978 860 1175 928 denominata,

206 947 337 1025 quintum
358 947 505 1008 decimam
526 947 639 1008 scilicet
662 947 813 1007 unitatem.
863 943 949 1006 Hunc
970 946 1077 1022 igitur,
1108 963 1175 1023 quo·
1196 945 1197 962 l

206 1033 285 1092 niem
300 1031 448 1093 sccundus
464 1037 508 1092 est
529 1039 558 1092 et
578 1032 775 1111 compositus,
806 1031 969 1111 praeterito
993 1037 1022 1090 et
1046 1031 1175 1108 adiunge

166 1133 192 1171 ιο
206 1115 409 1195 superioribus
425 1117 624 1178 continentem
639 1117 752 1196 puriter
766 1132 870 1195 parem
890 1131 1066 1185 numerum,
1092 1115 1122 1176 id
1138 1123 1175 1175 est

207 1198 305 1270 ·XVl·,
329 1202 378 1279 qui
399 1219 466 1264 oum
489 1200 558 1262 ·XV·
574 1203 707 1271 iunctus,
728 1217 822 1260 uuum
845 1218 879 1260 eo
895 1200 1013 1278 triginta
1030 1200 1174 1260 conficiet.

206 1283 264 1345 Sed
280 1285 327 1344 hio
343 1286 458 1363 primus
473 1303 579 1346 rursus
595 1295 625 1347 et
646 1286 858 1364 incompositus
880 1292 933 1345 est.
978 1285 1067 1344 Hunc
1089 1286 1176 1362 igitur

205 1386 272 1429 oum
294 1371 418 1430 extremi
440 1370 590 1448 adgregati
611 1387 725 1432 summa
747 1368 925 1448 multiplice,
947 1376 980 1429 ut
999 1369 1074 1430 liunt
1095 1371 1174 1430 sedo·

205 1453 265 1514 cies
289 1452 417 1523 ·XXX1·‚
445 1455 495 1533 qui
523 1453 745 1517 ccccxcvi·
767 1453 923 1532 explicant.
969 1453 1049 1515 Haeo
1078 1463 1174 1516 eutem

165 1551 191 1592 15
205 1547 250 1598 est
269 1539 346 1599 intre
369 1538 565 1601 millenarium
582 1558 739 1602 numerum
755 1539 885 1618 perlecta
908 1547 937 1599 et
958 1540 1019 1600 suis
1039 1539 1174 1618 partibus

204 1641 298 1702 oeque
314 1628 521 1687 numerositas.
566 1624 659 1702 Igitur
675 1625 769 1704 prime
786 1625 882 1686 unitus
896 1625 1003 1683 virtute
1018 1631 1112 1703 etque
1127 1643 1174 1702 po·
1197 1649 1198 1668 1

203 1710 295 1768 tentia
306 1725 365 1770 non
377 1709 464 1770 etiem
477 1717 544 1771 actu
556 1709 600 1771 vel
611 1728 703 1788 opere
715 1717 744 1770 et
756 1710 818 1788 ipss
831 1709 963 1788 perlecta
975 1717 1029 1768 est.
1063 1709 1142 1770 Nam
1153 1709 1174 1770 sl
1197 1759 1198 1764 ,

202 1793 330 1868 primam
345 1795 440 1872 ipsam
455 1812 610 1873 sumpsero
628 1795 664 1855 de
680 1795 833 1873 proposito
848 1793 953 1854 ordine
968 1811 1174 1862 numerorum,

203 1875 288 1937 video
304 1877 431 1955 primum
446 1886 535 1957 utque
549 1880 792 1957 incompositam,
814 1896 902 1958 quem
920 1879 944 1939 si
960 1895 1014 1958 per
1030 1895 1064 1938 se
1082 1881 1174 1959 ipsam

272 2047 457 2113 linrestiges
475 2061 496 2100 s.
526 2043 538 2114 11
565 2049 658 2099 Pones
677 2063 707 2112 e,
726 2065 748 2100 s.
778 2046 790 2116 ll
819 2063 902 2098 uuum
921 2046 941 2097 f.
971 2043 982 2113 ΙΙ
1011 2047 1136 2111 liquebit
1154 2063 1174 2108 c,

201 2113 322 2178 liquebit
346 2123 487 2168 correctum
509 2117 536 2166 in
558 2115 657 2168 licebit
681 2133 706 2166 e.
742 2113 753 2183 ss
787 2117 839 2168 duo
863 2115 882 2168 f.
916 2111 928 2181 ll
963 2119 992 2166 ot
1008 2131 1055 2166 one
1076 2132 1105 2180 1·;
1135 2117 1176 2166 cui

203 2183 306 2236 adicies
318 2184 339 2237 f.
392 2187 408 2236 3
425 2181 568 2249 numerus]
589 2185 624 2234 In
642 2183 659 2233 d
676 2187 768 2235 addita
786 2193 826 2236 est
842 2185 869 2256 ic
885 2185 999 2246 moryine
1017 2184 1083 2234 boec
1092 2187 1174 2249 figure

599 2312 774 2388 Q

595 2391 773 2488 uulso

661 2511 714 2560 VlI

199 2624 216 2670 4
234 2621 295 2686 peri
313 2637 343 2684 e,
367 2623 442 2688 poris
460 2638 482 2677 r.
512 2620 524 2689 ΙΙ
554 2625 700 2676 continens
717 2627 850 2692 iungetur
872 2625 998 2676 accessio
1016 2627 1042 2674 in
1059 2629 1175 2691 marciae

200 2691 293 2740 litteris
305 2691 402 2756 aliquot
413 2694 520 2741 resectio
533 2707 558 2751 e,
576 2693 603 2741 in
621 2700 742 2745 contemtu
760 2702 799 2746 ert
816 2696 893 2744 lituro
910 2700 1031 2758 quattuor
1047 2709 1173 2745 uersuum.

200 2757 281 2820 bqui
298 2772 337 2807 om
356 2773 379 2808 o.
410 2753 422 2824 ΙΙ
449 2759 475 2807 Χ
494 2764 521 2809 et
543 2760 666 2824 quinque
685 2777 716 2824 e,
735 2778 761 2825 η
781 2760 937 2826 quindecim
954 2760 980 2815 b.
1010 2757 1021 2827 {l
1050 2763 1175 2812 restituit

200 2839 228 2884 a,
250 2824 280 2887 d,
300 2825 324 2885 f,
343 2841 371 2890 r,
393 2841 415 2876 e.
481 2828 495 2876 7
513 2827 573 2892 ipso
593 2827 612 2880 f.
666 2830 696 2878 11
717 2829 810 2881 ·XXX·
824 2846 847 2888 o,
861 2829 881 2879 f.
905 2826 917 2895 ΙΙ
941 2826 1071 2879 conficiet
1084 2845 1173 2880 corre·

199 2898 263 2942 ctum
280 2893 307 2942 in
325 2892 455 2944 conficiet
468 2909 493 2945 e.
555 2897 586 2945 12
605 2897 680 2947 .1.mus
700 2897 720 2951 f.
755 2894 770 2964 l]
802 2912 896 2948 rursus
914 2913 960 2948 om.
980 2897 1001 2948 f.
1072 2898 1105 2946 16
1125 2912 1174 2946 nu-

198 2957 364 3028 merositas]
393 2961 427 3011 In
449 2965 562 3028 maraine
586 2965 712 3027 inferiore
736 2967 826 3016 addita
844 2973 883 3015 est
905 2967 932 3014 in
955 2963 972 3013 d
995 2965 1058 3015 bueo
1071 2967 1173 3030 figura:

589 3091 770 3143 ooooxcvr

494 3171 860 3258 rluliurlvnrlxvr

490 3259 870 3274 ——·-—————u——

635 3294 726 3345 XXXI

197 3401 229 3450 17
246 3415 303 3452 non
319 3401 375 3452 iem
394 3417 422 3463 e,
447 3403 478 3461 b,
503 3419 525 3457 c.
562 3399 574 3466 ΙΙ
608 3401 703 3471 opere]
728 3421 758 3456 re
781 3405 813 3468 b,
839 3404 863 3468 f,
888 3403 910 3467 l;
937 3419 967 3455 re
985 3412 1128 3456 correctum
1146 3406 1171 3454 in

197 3482 282 3533 opere
301 3485 330 3532 ις
360 3485 390 3521 re
409 3478 435 3522 et
451 3485 534 3535 supro
551 3487 650 3522 uersum
668 3487 720 3538 ope
738 3473 763 3523 d.
841 3475 872 3523 19
890 3472 1006 3538 primum
1025 3475 1110 3535 etque
1129 3472 1170 3523 in·

198 3537 419 3602 conpositum,
439 3538 467 3602 d,
487 3538 505 3589 l.
535 3536 547 3606 ΙΙ
576 3544 605 3590 et
622 3555 642 3590 e.
