2398 3968
193 213 212 276 6
414 211 506 264 msc.
525 175 678 263 nummu.
696 212 723 276 1,
747 208 944 262 coemunt.

271 387 314 442 ili.
345 387 469 443 Definitio
486 393 513 442 ct
524 386 620 443 divisio
633 387 738 442 numeri
750 393 778 442 et
790 383 912 441 definitio
925 385 998 460 paris
1012 392 1038 440 et
1055 384 1161 457 inparis.

260 471 315 528 illi,
346 472 470 530 Definitio
493 472 598 528 numeri
624 473 695 546 paris
721 479 748 528 et
774 471 874 545 inparis
900 469 1049 527 secundum
1067 467 1161 542 Pytha·

347 575 451 632 goram.

284 643 314 699 V.
345 644 404 699 Alia
424 641 573 698 secuudum
596 643 777 715 antiquiorem
799 641 909 698 modum
930 640 1027 696 divisio
1048 640 1119 714 paris
1137 647 1161 694 et

167 741 180 780 s
347 729 456 803 inparis.

272 813 314 870 Vi.
344 813 467 870 Definitio
483 813 554 886 paris
570 819 598 867 et
612 813 712 884 inparis
728 827 777 885 per
792 812 963 867 alterutrum.

261 898 315 955 vil.
346 900 381 955 [ie
396 897 593 972 principalitate
609 897 730 952 unitatis.

250 983 315 1039 Vlil.
347 984 443 1038 Divisio
459 982 531 1056 paris
548 983 662 1037 numeri.

239 1067 314 1123 Villi.
345 1067 380 1122 iic
395 1083 509 1123 numero
525 1067 626 1140 pariter
640 1067 698 1140 pari
715 1067 828 1138 eiusque
843 1062 1064 1138 proprietatibus.

155 1169 181 1206 ro
283 1151 314 1208 Χ.
346 1152 381 1208 [ic
397 1168 510 1208 numero
527 1151 628 1224 pariter
642 1152 729 1226 inpari
745 1150 859 1223 eiusque
875 1148 1097 1223 proprietatibus.

273 1237 315 1292 XL
345 1238 381 1293 Dc
393 1253 506 1293 numero
519 1239 650 1310 inpariter
662 1237 719 1310 pari
730 1236 842 1310 eiusque
854 1233 1067 1308 proprietatibus
1078 1234 1162 1308 deque

347 1324 405 1378 eius
422 1321 454 1376 ad
469 1323 571 1394 pariter
585 1337 678 1395 parem
693 1328 721 1376 ct
735 1321 838 1394 pariter
854 1321 976 1393 inparem
991 1320 1162 1394 cognatione.

260 1406 315 1462 Xii.
345 1407 539 1480 Descriptiouis
562 1406 595 1461 ad
615 1407 745 1480 inpariter
765 1406 837 1479 paris
859 1412 984 1460 naturam
1003 1405 1163 1479 pertinentis

347 1493 494 1566 expositio.

155 1591 181 1630 rs
252 1576 317 1633 Xlil.
347 1579 383 1633 iJe
399 1594 513 1633 numero
530 1577 618 1651 inpari
634 1578 748 1651 eiusque
763 1575 903 1631 divisione.

240 1662 315 1719 Xilii.
346 1663 383 1718 iic
397 1665 486 1736 primo
503 1670 530 1717 et
545 1662 737 1735 incomposito.

261 1747 315 1802 XV.
346 1748 382 1803 iic
397 1748 518 1805 secundo
535 1754 563 1802 ct
579 1748 739 1820 composito.

250 1831 315 1888 xvi.
346 1832 383 1887 Dc
399 1848 446 1896 eo,
470 1833 517 1906 qui
537 1847 587 1905 per
607 1847 638 1886 se
658 1829 793 1886 secundus
815 1837 843 1885 et
864 1829 1032 1904 compositus
1054 1836 1111 1894 est,
1134 1830 1163 1886 ad

346 1917 428 1972 alium
443 1919 547 1991 primus
563 1923 591 1972 et
606 1915 814 1989 incompositus.

154 2015 179 2054 ao
237 2001 313 2057 XVli.
345 2002 381 2057 iic
401 2003 481 2075 primi
503 2009 531 2057 et
552 2001 727 2075 incompositi
748 2007 775 2055 et
796 1999 908 2055 secundi
930 2008 957 2055 et
978 2000 1124 2073 compositi
1139 2008 1163 2056 et

347 2086 380 2142 ari
401 2103 430 2142 se
454 2086 563 2161 quidem
583 2085 696 2142 secundi
717 2092 745 2140 et
762 2083 908 2159 compositi
923 2084 956 2139 ad
970 2084 1086 2140 alterum
1101 2101 1162 2141 vcro

346 2173 425 2247 primi
440 2179 468 2228 et
484 2171 660 2247 incompositi
675 2171 874 2244 procreatione.

228 2259 316 2314 XViil.
346 2259 381 2315 lie
397 2260 554 2314 inventione
565 2273 660 2316 corum
671 2270 856 2319 numerorum,
870 2256 917 2329 qui
928 2254 961 2309 ad
973 2270 1002 2311 se
1013 2256 1127 2312 secundi
1139 2265 1163 2312 et

346 2345 491 2425 compositi
506 2350 584 2406 suut,
612 2341 644 2398 ad
666 2338 733 2396 alios
753 2357 815 2396 vero
831 2340 910 2396 relati
924 2341 1004 2413 primi
1021 2347 1048 2396 et
1063 2342 1163 2397 incom-

156 2439 180 2479 ιι
348 2429 441 2500 positi.

216 2511 314 2567 XVllll.
346 2511 405 2566 Alia
425 2512 537 2584 partitio
558 2513 632 2585 paris
658 2510 808 2568 secundum
834 2507 970 2584 periectos
997 2508 1162 2583 inperfectos

348 2604 375 2653 et
391 2596 464 2651 ultra
486 2613 564 2669 quam
580 2597 728 2692 periectos

260 2680 314 2735 XX.
345 2680 380 2737 iic
397 2683 573 2754 generatione
588 2682 695 2737 numeri
712 2679 836 2754 perfecti.

250 2764 314 2820 XXl.
346 2766 380 2821 De
396 2765 480 2821 relata
495 2765 528 2822 ad
544 2765 646 2839 aliquid
662 2763 823 2838 quantitate.
849 2818 851 2826 ,

263 2967 276 3013 1
295 2963 426 3014 diffinitio
448 2965 489 3014 iiic
512 2973 537 3015 ct
558 2965 706 3028 infractiori
725 2962 868 3028 praeterd
896 2958 908 3028 {X
940 2961 1056 3027 imparis
1078 2962 1117 3012 iiic
1139 2971 1165 3014 ct

192 3033 265 3096 infra
281 3035 415 3083 maximam
430 3040 531 3098 portem
549 3035 614 3084 iibri.
667 3031 808 3082 2numeri
826 3047 873 3084 om.
890 3046 949 3095 c‚r.
1002 3031 1163 3096 (isuperb

232 3097 269 3146 ,im

193 3151 443 3216 9par1f10
465 3153 488 3203 1
486 3160 528 3204 oto
547 3155 594 3204 icoc
612 3169 686 3204 uerso
708 3152 799 3203 omisso
815 3152 972 3216 sequentium
989 3150 1100 3214 capitone
1117 3166 1163 3201 nu-

191 3235 275 3270 meros
292 3235 341 3270 uno
360 3222 470 3270 minores
488 3220 625 3282 neeocid,
643 3222 665 3285 i,
683 3219 701 3270 l.
761 3221 792 3269 12
811 3219 1011 3300 cognominet
1065 3219 1096 3268 13
1113 3233 1189 3294 pa
1188 3193 1189 3270 X

192 3287 261 3338 riter
279 3305 305 3337 a.
375 3290 408 3338 16
425 3289 468 3338 De
488 3290 643 3354 proprios.
715 3289 747 3338 18
767 3287 933 3352 compositus
954 3288 1020 3338 ets
1084 3287 1117 3336 20
1135 3271 1189 3338 etX

192 3355 307 3406 secundi
325 3361 354 3405 et
372 3358 518 3423 compositi
536 3374 582 3408 om.
601 3374 631 3420 a,
652 3373 683 3420 c,
703 3357 734 3419 d,
753 3355 776 3416 1,
795 3371 821 3419 r,
841 3371 864 3406 s.
934 3357 965 3405 21
988 3355 1164 3418 incompositi

193 3427 221 3474 et
234 3423 387 3478 alterumc
401 3420 454 3490 liet
443 3424 614 3476 walterum]
662 3427 695 3476 23
708 3423 743 3475 ad
756 3423 910 3474 secundrb
953 3424 986 3473 24
998 3435 1063 3472 vero
1075 3437 1121 3475 om
1135 3440 1161 3475 a.

192 3494 225 3543 26
242 3493 304 3544 Alio
319 3487 357 3560 ch
370 3493 499 3559 partica
513 3492 700 3560 participiod.
713 3493 895 3558 participatio
913 3492 932 3546 1.
990 3492 1070 3542 att
1042 3495 1070 3541 et
1087 3494 1164 3543 utra-

190 3576 246 3625 que
266 3557 347 3630 ellet
365 3561 449 3613 ornd
454 3562 505 3626 ‚‚1
525 3578 545 3613 r.
