2398 3968
341 144 434 196 uusu.
453 145 607 202 tamnu.
623 149 650 210 1,
670 149 695 198 a.
970 147 1010 212 15

52 333 180 395 unapars
195 316 286 385 luerit
301 315 451 376 divisionis
466 334 534 394 par,
557 316 612 377 alia
628 335 746 396 quoque
762 335 816 396 par
832 319 1007 398 inveniatur,

53 409 76 460 et
89 403 111 461 si
125 419 181 461 una
196 403 298 480 inpar,
322 399 437 478 reliqua
453 400 489 461 ab
512 403 575 462 eius
596 402 753 479 inparitate
774 420 834 463 uon
850 402 1007 484 discrepat,

52 494 78 546 ut
90 489 118 547 in
134 485 237 547 eodem
254 493 395 554 numero,
412 488 464 564 qui
479 493 523 546 est
539 486 689 548 denarius.
716 486 789 547 Cum
805 488 883 548 enim
899 489 1008 550 divisus

23 621 24 636 ³
50 573 126 632 estin
141 571 263 650 quinoS,
286 570 332 631 vel
349 588 416 630 rum
437 572 468 630 in
490 579 556 644 tres
567 581 696 650 septem,
718 578 861 650 utraeque
881 575 911 633 iu
927 582 1007 634 utra-

50 673 99 732 que
125 658 262 733 portione
289 663 389 735 partes
408 657 529 735 inpares
552 659 723 718 extiterunt.
756 656 787 717 Si
812 664 911 719 autem
931 660 1034 738 ipses

50 741 87 800 vel
101 741 172 802 alins
193 758 335 801 numerus
356 757 426 819 par,
450 739 594 802 dividatur
614 743 644 802 in
666 742 819 821 aequales,
842 750 875 817 ut
889 751 1007 804 octona-

49 827 100 886 rius
113 827 142 886 in
159 826 232 888 ·llll·
251 832 280 886 et
297 825 386 894 ·llll·,
404 828 513 886 etitem
525 843 579 905 par
592 827 773 908 inaequales,
790 835 822 887 ut
833 827 913 888 idam
925 835 1006 888 octo-

49 913 135 972 narius
150 913 178 972 in
196 911 240 970 ·V·
253 918 282 971 at
296 909 367 981 ·lll·,
383 912 414 970 in
426 910 476 972 illa
489 912 609 990 quidem
619 912 762 973 divisione
779 919 923 989 utraeque
938 930 1007 990 pav-

23 1025 24 1048 2
50 1003 85 1055 tes
99 1013 182 1074 pares
198 996 293 1056 iactae
308 1003 392 1066 sunt,
416 997 444 1055 in
461 996 517 1056 hae
532 1004 675 1077 utraeque
697 1001 816 1076 inpares
833 999 1007 1067 extiterunt;

50 1097 134 1158 neque
154 1099 286 1160 unquam
308 1081 373 1140 lieri
395 1088 506 1159 potest,
528 1088 574 1152 ut,
596 1099 664 1143 oum
686 1087 744 1142 vina
765 1099 835 1160 pars
857 1082 1007 1144 divisionis
1022 1099 1046 1136 10

50 1165 209 1242 palluerit,
232 1164 287 1225 alia
303 1166 390 1244 inpar
404 1167 531 1226 inveniri
546 1175 649 1246 queat,
671 1175 736 1235 aut,
758 1186 826 1228 aum
847 1185 905 1227 una
920 1169 1008 1247 inpar

23 1247 25 1326 l
50 1251 93 1320 sit,
109 1249 161 1328 alia
175 1269 233 1332 par
248 1252 340 1330 possit
355 1249 496 1328 intellegi.
528 1251 618 1328 lupar
636 1271 707 1313 vero
723 1270 865 1314 numerus
881 1259 940 1323 est,
958 1255 1008 1331 qui

23 1329 25 1440 q
50 1335 78 1394 ad
92 1335 250 1413 quamlibet
269 1335 349 1396 illam
367 1335 540 1397 divisionem
552 1353 608 1416 por
621 1338 787 1418 inaequalia
800 1354 920 1414 semper
936 1338 1007 1398 divi·

23 1441 25 1500 q
51 1418 133 1490 ditur,
155 1430 187 1482 ut
211 1431 352 1500 utrasque
374 1421 489 1499 species
505 1424 623 1482 numeri
641 1441 759 1502 semper
775 1422 925 1491 ostendat,
953 1439 1008 1482 neo

23 1517 26 1628 q
53 1523 169 1585 unquam
191 1505 283 1567 altera
305 1507 368 1565 sine
389 1505 481 1566 altera
496 1506 547 1576 sit,
570 1507 621 1567 sed
642 1525 701 1568 una
723 1525 793 1586 pars
809 1507 941 1586 paritati,
962 1509 1007 1566 iu·
1021 1523 1046 1562 15

50 1592 152 1665 paritati
163 1590 219 1650 alia
232 1591 400 1668 deputetur,
413 1598 455 1660 ut,
471 1590 539 1653 ·Vll·
553 1593 578 1652 si
590 1592 702 1653 dividas
715 1593 744 1652 in
753 1592 811 1653 ·lll·
821 1598 909 1669 atque
922 1591 1005 1661 ·llll·,

51 1673 128 1735 altera
144 1677 241 1754 portio
258 1693 312 1753 par
329 1673 419 1736 altera
435 1677 522 1755 inpar
539 1683 591 1738 est.
622 1677 659 1738 Et
680 1678 737 1738 hoe
752 1677 831 1738 idem
847 1677 877 1736 in
894 1678 1008 1737 eunetis

50 1760 188 1837 inparibus
210 1762 342 1821 numeris
367 1762 530 1830 invenitur,
562 1779 660 1841 neque
686 1781 816 1842 unquam
842 1763 873 1822 in
895 1763 1008 1840 inparis

53 1843 180 1907 divisione
195 1852 317 1926 praeter
338 1863 370 1905 sa
391 1863 456 1906 asse
479 1854 612 1924 possunt.
644 1847 705 1908 Hae
727 1849 862 1926 geminae
883 1848 1006 1925 speeies,

51 1948 112 2006 quae
127 1932 301 1992 naturaliter
317 1931 374 1990 vim
390 1932 508 1991 numeri
524 1931 778 2024 substantiamque
794 1939 984 2008 componunt.
1021 1947 1046 1988 20

183 2157 320 2230 Definitio
329 2149 419 2228 'ports
435 2163 462 2212 et
476 2159 591 2228 inpom's
604 2171 660 2227 per
675 2159 858 2212 atterutrum.

102 2305 144 2366 Vl.
174 2304 258 2374 Quod
289 2305 314 2366 si
334 2305 409 2366 haee
431 2305 518 2365 etiam
546 2322 600 2383 par
622 2302 778 2364 alterutras
799 2302 915 2382 speeies
936 2302 1007 2363 dafi-

51 2387 142 2450 nienda
165 2398 249 2460 sunt,
272 2389 387 2450 dicetur
408 2391 545 2469 inparem
560 2405 718 2448 numerum
735 2404 813 2455 esse,
830 2387 881 2466 qui
895 2389 1007 2448 unitate

53 2469 137 2535 (libert
153 2493 169 2535 a
185 2475 250 2552 pari
265 2474 312 2534 vel
327 2481 481 2535 cremento
496 2473 542 2534 vel
558 2473 769 2534 deminutione.
792 2471 850 2534 Par
865 2472 935 2534 item
952 2491 1006 2534 nu-

52 2573 137 2619 merus
159 2569 218 2629 est,
240 2561 291 2636 qui
314 2561 425 2619 unitate
449 2558 548 2619 diliert
563 2557 599 2619 ab
620 2558 717 2637 inpari
732 2556 776 2619 vel
793 2566 946 2619 cremento
961 2557 1007 2618 vel
1020 2583 1045 2623 aa

52 2638 248 2705 deminutione.
285 2643 316 2704 Si
344 2645 423 2704 enim
444 2645 509 2723 pari
533 2661 624 2705 unum
645 2631 825 2722 de'mpseris,
848 2641 894 2703 vel
914 2660 1007 2703 unum

53 2725 193 2799 adieceris
216 2730 302 2806 inpar
317 2729 459 2800 efficitur,
482 2729 528 2790 vel
551 2730 576 2790 si
596 2729 693 2808 inpari
712 2727 791 2789 idem
807 2727 929 2798 leceris,
951 2745 1006 2808 par

54 2813 177 2874 continuo
194 2820 379 2892 procreatur.

91 3018 103 3064 1
116 3017 201 3068 fuerit
212 3033 259 3068 om.
275 3033 299 3067 e.
335 3019 352 3066 4
363 3021 421 3067 tres
434 3015 479 3065 vel
491 3016 520 3064 in
533 3019 638 3081 septem
649 3033 675 3076 a,
689 3015 746 3066 ·lIl·
761 3019 789 3065 et
800 3016 869 3066 ·VlI·
884 3031 908 3077 e,
919 3013 937 3078 1,
950 3019 1005 3067 tres

56 3083 151 3136 eun.
171 3085 192 3135 f.
234 3085 503 3136 detootonariusf.
538 3085 692 3148 8qainque
712 3083 848 3133 attresd.
894 3085 924 3132 11
937 3087 968 3132 ut
981 3098 1006 3132 e.

56 3149 116 3200 ltus
132 3155 245 3204 seeundo
263 3169 350 3204 manus
367 3154 468 3204 addidit
484 3150 549 3202 ind.
577 3148 589 3218 [l
618 3151 741 3202 ostendit
759 3167 784 3205 e.
855 3152 888 3200 16
900 3155 1007 3215 septem

55 3211 145 3280 dil-111.
159 3225 188 3272 et
207 3220 279 3271 ·IIII·
293 3237 319 3285 a,
338 3237 366 3285 e,
386 3222 409 3285 f,
428 3225 485 3272 tres
504 3223 588 3286 atque
602 3224 733 3284 quattuor
745 3219 775 3281 d,
797 3219 855 3270 ·III·
875 3221 958 3282 atque
977 3220 1006 3267 in

55 3282 150 3351 llll-r,
171 3304 193 3340 s.
248 3291 280 3340 18
298 3290 419 3340 numeria
437 3305 485 3341 om.
503 3289 525 3340 f.
596 3290 627 3338 19
645 3288 724 3338 Haee
744 3303 769 3336 a.
834 3285 1005 3349 211nrcript.

55 3364 87 3402 vu.
102 3355 125 3408 d.
152 3355 165 3424 ΙΙ
194 3362 223 3408 et
240 3359 345 3424 inparis
364 3373 411 3409 om.
429 3358 454 3408 i.
530 3359 564 3408 24
581 3357 752 3407 incremento
772 3355 791 3405 f.
821 3351 834 3420 l}
861 3353 932 3404 Item
955 3367 1006 3418 par

56 3431 74 3480 θ,
89 3422 111 3485 f,
128 3439 154 3490 a,
173 3427 245 3476 Item
264 3441 315 3492 par
333 3427 432 3477 iterum
453 3442 478 3479 a.
536 3427 569 3476 25
587 3425 634 3475 vel
653 3427 792 3474 cremento
810 3438 891 3486 supra
908 3435 1006 3470 versum

55 3500 79 3535 tt
92 3507 154 3543 corr.
174 3493 200 3544 d.
270 3496 303 3545 26
321 3495 453 3546 demseris
474 3509 502 3558 a,
522 3494 554 3555 b,
574 3507 596 3542 s.
