2398 3968
182 188 223 252 70
479 193 573 246 rusr.
591 195 742 245 nnrrnu.
762 195 789 260 1,
808 198 849 247 sa.

180 362 221 421 dc
237 363 261 420 si
277 363 344 439 quis
364 362 443 422 idenr
460 363 497 424 de
518 367 631 424 cunctis
647 367 676 425 in
692 365 838 427 inlinitum
854 365 989 444 partibus
1007 367 1144 446 multipli-

181 447 279 507 citatis
300 446 402 517 laeiat,
429 451 638 510 convenienter
661 451 795 511 ordinem
818 452 1147 531 superparticularitatis

157 532 317 606 „inveniet
349 530 433 601 Qirod
455 535 479 594 si
501 552 659 596 conversos
681 535 965 618 superparticulares
981 538 1086 616 aliquis
1101 557 1146 599 se·
1197 547 1198 606 l

181 616 309 676 cundum
326 617 399 678 haec
414 626 572 698 praecepta
588 627 753 690 convertat,
777 623 915 682 continuo
932 623 1028 682 videat
1043 641 1147 702 super·
1197 607 1198 688 l

38 717 60 747 ιο
153 717 166 757 5
179 703 340 779 partientes
362 703 538 764 adcrescere
560 711 589 763 et
609 723 643 764 ex
665 704 848 784 sesqualtero
871 706 990 784 quidem
1013 707 1147 786 superbi-

179 787 325 864 partiens,
355 807 390 848 ex
417 789 604 868 sesquitertio
631 791 891 869 supertripartiens
916 799 1093 870 procreatur
1121 800 1149 852 et
1197 799 1198 866 l

181 873 271 933 ceteri
291 873 454 933 secundum
477 891 650 934 communes
673 873 920 936 denominationis
945 877 1062 954 species
1084 878 1148 937 sine

1197 1045 1198 1074 l

1197 1091 1198 1118 l

160 955 380 1102 &aginardus
411 956 635 1037 interpolatione
666 966 834 1020 nascentur.
866 960 1066 1082 llispouantur
1093 963 1147 1040 igi·
1197 1009 1198 1044 r

141 1143 165 1182 10
299 1088 304 1100 ’
474 1127 561 1188 vini.
649 1128 694 1187 vr.
783 1128 848 1188 nn.

179 1260 347 1338 Superioris
369 1262 457 1337 igitur
479 1261 685 1341 descriptionis
705 1264 802 1342 primo
818 1265 932 1342 primns
953 1281 1066 1342 aequus
1094 1282 1150 1325 nu·

179 1362 281 1404 rnerus
298 1344 499 1415 adscribatur,
522 1345 551 1405 id
575 1354 620 1406 est
642 1347 738 1407 ·Vllll·
755 1348 904 1408 secundus
919 1366 989 1408 vero
1005 1349 1105 1427 prinro
1123 1357 1151 1410 et

179 1429 325 1498 secundo,
349 1429 378 1488 id
395 1437 439 1489 est
456 1429 540 1498 ·XV·,
563 1433 667 1491 tertius
683 1450 752 1493 vero
768 1434 881 1511 prirno,
905 1431 1021 1492 duobus
1042 1451 1150 1494 secun·
1197 1469 1198 1504 1

179 1512 222 1573 dis
239 1522 267 1574 et
284 1515 384 1582 tertio,
408 1514 436 1574 id
454 1523 499 1575 est
516 1514 611 1574 ·XXV·

138 1649 162 1688 15
476 1632 564 1693 Vllll.
653 1634 698 1692 Vl.
786 1634 848 1694 llll.

286 1723 356 1781 usust
478 1718 564 1778 Vllll.
650 1718 710 1778 XV.
787 1717 872 1778 XXV.

68 1847 99 1899 *s
178 1851 209 1910 Si
225 1868 294 1910 vero
311 1854 530 1930 sesquitertium
547 1853 650 1912 eodeni
667 1853 755 1913 inodo
771 1861 935 1923 vertamus,
953 1855 1026 1915 ordo
1042 1874 1152 1936 super·
1197 1841 1198 1848 ἵ

178 1935 349 2015 tripartiens
364 1939 523 1998 invenitur.
555 1937 599 1996 Sit
614 1939 691 1999 eninr
707 1939 803 2017 prima
819 1939 923 2018 positio
940 1941 1126 2018 sesquitertii
1144 1984 1148 1994 ,
1197 1949 1198 2022 J

463 2055 534 2116 XVl.
622 2056 684 2116 llll.
771 2056 857 2116 Vllll.

139 2209 164 2249 20
177 2192 309 2252 Ponatur
324 2191 485 2252 secundum
502 2194 632 2270 priorem
651 2190 770 2250 modurn
787 2193 883 2271 prinro
898 2193 1012 2270 primus
1027 2211 1097 2271 par,
1122 2195 1153 2254 id

177 2285 221 2338 est
244 2277 341 2347 ·XVl,
364 2276 511 2338 secundus
531 2277 629 2356 prirno
652 2283 680 2336 et
702 2275 847 2343 secundo,
875 2276 903 2336 id
932 2285 976 2337 est
997 2276 1152 2348 ·xxvni,

177 2364 281 2422 tertius
297 2363 407 2440 prinro,
430 2362 546 2423 duobus
566 2361 706 2422 secundis
722 2368 751 2419 et
765 2361 868 2428 tertio,
890 2359 919 2420 id
936 2367 980 2420 est
997 2360 1151 2425 ·XLVllll·
1197 2401 1198 2444 3

178 2445 280 2505 Ornnis
296 2463 367 2523 ergo
388 2463 502 2507 sumnia
524 2447 662 2525 disposita
679 2445 971 2524 supertripartientes
987 2447 1107 2508 efficiet.
1197 2509 1198 2524 ἶ

438 2564 511 2624 xu.
592 2564 654 2626 xn.
743 2563 829 2623 vnn.

137 2680 164 2720 25
294 2641 357 2697 nr
436 2648 509 2707 nn.
591 2647 717 2707 xxnn.
742 2647 878 2708 nitunt.

241 2782 355 2842 Rursus
371 2782 395 2840 si
410 2782 649 2860 sesquiquartum
666 2782 770 2842 eodem
787 2782 875 2842 modo
892 2784 1025 2850 verteris,
1043 2801 1156 2863 supcr-

247 2987 260 3034 1
281 2985 305 3035 si
325 2985 434 3050 quidem
453 3001 482 3047 a3
508 2985 568 3049 quis
585 2985 659 3035 idem
682 2993 708 3035 et
730 3001 811 3049 supra
833 2999 931 3035 uersum
955 2985 1008 3034 hoc
1027 2985 1058 3048 b3
1089 2992 1157 3052 quis

178 3054 229 3103 hoc
247 3053 320 3103 idem
340 3053 358 3103 l.
383 3050 386 3118 Ι
418 3052 611 3118 multiplicatis
630 3054 657 3115 b,
672 3069 695 3115 c,
710 3053 730 3113 f,
743 3053 762 3114 l,
777 3069 797 3102 r.
859 3053 1043 3115 praetentu
1062 3055 1155 3119 obdito,

178 3139 209 3183 εις
230 3121 315 3172 faciet
334 3138 357 3174 c.
395 3117 399 3187 l
428 3121 691 3187 superparticularis
711 3137 736 3173 a.
783 3121 881 3171 4Post
904 3121 1000 3172 videat
1018 3122 1094 3172 addit
1107 3126 1157 3176 vel

177 3189 283 3240 videbit
306 3207 331 3240 a.
413 3190 475 3239 det
494 3206 540 3241 om.
563 3204 585 3239 s.
654 3191 670 3240 8
689 3186 913 3254 interpellatione
933 3189 951 3239 f.
976 3185 988 3254 ll
1011 3187 1156 3254 Dispens-

176 3261 264 3308 turc.
301 3260 331 3308 11
352 3271 480 3307 numerus
500 3272 605 3322 aequus
625 3258 694 3318 s‚b.
732 3259 764 3305 12
783 3271 848 3306 vero
868 3273 913 3310 om.
934 3257 959 3316 d,
979 3256 999 3305 f.
1038 3258 1071 3308 13
1084 3273 1155 3311 vero

178 3342 225 3376 om.
245 3326 271 3377 d.
330 3328 362 3376 14
380 3326 445 3377 Post
463 3325 555 3376 ·XXV·
574 3327 662 3376 addit:
680 3326 716 3374 Et
734 3324 812 3374 venit
829 3323 901 3374 haec
920 3325 1008 3374 forma
1028 3340 1059 3386 εις
1085 3343 1155 3390 quae

177 3393 255 3444 uerba
277 3397 303 3444 in
322 3409 334 3444 s
352 3409 447 3444 rasura
469 3395 555 3444 deleta
576 3399 643 3444 sunt.
717 3394 749 3442 17
769 3392 799 3442 Si
818 3407 882 3458 ergo
904 3409 928 3442 s.
1001 3391 1032 3441 18
1051 3408 1154 3459 propo-

84 3475 91 3492 ‘
179 3463 242 3512 sitio
263 3479 288 3523 a,
303 3463 329 3525 d,
343 3462 362 3525 f,
377 3479 397 3512 r.
461 3464 500 3512 ·19
519 3463 596 3511 Hunc
613 3477 710 3512 uersum
728 3475 774 3510 om.
793 3459 818 3512 d.
888 3463 921 3510 20
939 3461 1155 3513 Ponaturcnim
1197 3501 1198 3510 ,

177 3547 205 3595 a,
225 3530 244 3580 l.
315 3533 347 3582 22
368 3533 395 3581 et
415 3529 519 3580 duobus
539 3545 564 3593 a,
583 3544 604 3579 s.
