2426 4002
186 234 221 282 IV
565 226 773 276 PRAEFATIO.

273 386 364 450 Haec
391 394 542 471 agentern
570 383 787 468 interrogavit
803 369 866 445 ¹me
889 381 1056 463 Halmius,
1086 382 1155 446 vel-
1199 381 1201 414 ³

187 490 292 553 lemne
314 488 441 554 labores
465 489 630 574 suscipere
652 486 851 550 necessarios
871 483 914 547 ad
935 506 1033 572 opera
1048 485 1157 550 Boetii
1200 535 1201 538 η

186 591 415 657 mathematica
444 590 586 672 edenda,
616 611 676 653 nec
699 587 863 652 volentem
885 595 1012 652 tantum
1038 609 1155 673 provo·

188 696 277 758 cavit
299 693 357 757 sed
380 695 477 758 etiam
500 693 592 757 libris
615 690 865 777 manuscriptis
889 689 1007 775 quibus
1024 692 1155 778 optimis

187 798 294 884 potuit
309 796 352 859 ad
367 817 418 858 me
434 797 541 858 missis
560 793 657 858 simul
679 793 818 856 adiuvit.
849 792 938 856 Usus
961 814 1033 856 sum
1055 794 1156 878 igitur

190 898 358 963 codicibus
373 896 539 961 Monachii
556 896 736 960 asservatis
753 896 1061 982 praestantissime,
1086 898 1155 982 qui·

187 1002 248 1067 bus
271 1008 478 1064 accesserunt
502 998 629 1064 codices
651 998 911 1083 Bambergenses
933 1020 999 1062 non
1021 999 1156 1062 minoris

186 1112 282 1168 notae
298 1109 330 1165 et
345 1099 430 1165 liber
445 1100 657 1186 Erlangensis
665 1149 674 1182 ,
699 1123 796 1186 quem
810 1100 893 1165 alter
910 1110 1036 1165 tantum
1052 1100 1157 1164 codex

188 1203 399 1268 Carnutensis
420 1212 547 1288 aequat.
576 1203 676 1267 Cuius
695 1204 744 1266 rei
765 1205 890 1288 gratiae
906 1203 986 1267 milri
1007 1203 1154 1286 agendae

188 1315 263 1370 sunt
284 1306 447 1369 maximae
471 1314 503 1368 ct
526 1303 684 1369 Halmio
712 1306 775 1390 ipsi
804 1315 836 1369 et
858 1305 938 1369 viris
961 1303 1155 1368 humanissi-

187 1411 249 1473 mis
262 1417 294 1472 et
304 1405 623 1473 benevolentissimis
636 1406 848 1492 Foringer,
861 1406 1029 1471 Thomas
1041 1405 1154 1472 Mona-

188 1510 357 1592 censibus,
390 1509 606 1593 Stanglein
627 1509 880 1594 Bambergensi,
909 1509 1156 1573 Autenrieth

187 1613 395 1697 Erlangensi.
415 1611 591 1697 Egregiam
608 1633 740 1698 operam
755 1612 890 1676 navavit
906 1609 987 1674 mihi
1002 1612 1155 1697 princeps

187 1715 508 1800 Boncompagni,
538 1716 627 1779 cuius
657 1736 782 1779 summa
809 1711 1005 1777 liberalitate
1031 1736 1156 1778 summa

187 1838 259 1880 mea
284 1814 381 1879 laude
409 1815 653 1901 dignefactum
683 1825 747 1897 est,
775 1824 812 1879 ut
833 1837 898 1879 non
921 1814 1042 1898 solum,
1072 1839 1155 1902 quac
1200 1887 1201 1898 ἶ

188 1920 259 2005 ipse
288 1918 321 1980 in
351 1917 444 1982 libris
474 1920 541 1983 suis
569 1940 667 1982 manu
694 1918 824 2003 scriptis
848 1916 963 1981 habuit
970 1966 979 2000 ,
1010 1940 1092 2003 quae
1120 1921 1155 1983 in
1200 1917 1201 1959 l

187 2018 261 2083 aliis
278 2019 444 2084 codicibus
461 2021 615 2085 Romanis
636 2021 770 2083 inventa
787 2028 877 2100 sunt,
900 2029 1056 2105 quantum
1073 2043 1154 2106 opus

188 2145 258 2188 esse
280 2124 388 2187 visum
411 2133 474 2203 est,
498 2123 533 2184 in
554 2143 662 2184 meum
684 2144 780 2186 usum
802 2143 931 2207 possem
952 2132 1154 2206 convertere,
1199 2119 1200 2160 l

186 2224 245 2288 scd
274 2225 371 2289 etiam
402 2225 443 2289 de
471 2222 654 2306 codicibus,
684 2224 740 2310 qui
767 2223 922 2312 Neapoli,
955 2224 1153 2309 Florentiae,

188 2325 338 2390 Veronae
361 2326 605 2409 custodiuntur,
628 2325 739 2390 fierem
761 2328 888 2393 certior.

271 2427 322 2491 lta
351 2429 529 2491 instructus
558 2450 627 2490 rem
654 2430 791 2514 aggredi
819 2453 918 2496 ausus
942 2453 1013 2496 sum
1038 2453 1151 2516 parum

187 2528 325 2593 fortasse
341 2549 476 2591 versans
493 2527 572 2613 quid
595 2529 743 2596 valerent
765 2532 900 2598 humeri.
933 2532 997 2598 Sed
1013 2534 1152 2596 occasio·
1197 2577 1198 2584 κ

187 2653 262 2695 nem
285 2633 372 2695 viros
395 2629 586 2695 intendendi
609 2633 758 2698 omittere
786 2633 884 2700 nolui.
930 2633 1000 2698 Iam
1025 2634 1154 2720 perfeci

187 2755 268 2819 quae
302 2730 456 2818 perficere
487 2732 567 2796 mihi
608 2738 772 2821 proposui.
826 2735 1010 2821 Utrumque
1044 2737 1153 2800 Boetii
1196 2763 1197 2797 3

185 2858 266 2922 opus
296 2841 327 2895 ct
357 2832 443 2918 quod
471 2833 512 2896 de
539 2834 745 2901 arithmetica
774 2845 805 2900 ct
840 2837 928 2921 quod
961 2836 1001 2900 dc
1029 2839 1153 2902 musica

186 2936 382 3021 composuit,
406 2937 584 3002 novissime
606 2938 694 3024 apud
716 2961 775 3003 nos
797 2960 882 3003 anno
899 2939 982 3004 1570
1003 2938 1153 3004 Basileac

187 3037 325 3120 editum,
354 3037 461 3102 tribus
490 3060 594 3126 paene
621 3039 759 3104 saeculis
786 3050 860 3126 post
883 3064 994 3106 rursus
1022 3042 1151 3128 profero

185 3139 313 3203 adiecto
328 3142 526 3225 geometriae
543 3141 706 3227 opusculo.
737 3142 789 3206 Dc
813 3144 931 3229 quibus
953 3166 1057 3231 pauca
1072 3143 1152 3210 haec
1194 3163 1195 3216 t

185 3239 340 3306 videntur
360 3244 532 3308 monenda.

270 3345 523 3433 Inscriptioncm
546 3345 678 3411 alterius
702 3349 809 3433 operis
832 3349 940 3416 Boetii
964 3351 1087 3436 sumpsi
1110 3373 1151 3414 ex
1193 3367 1194 3425 t

184 3449 289 3532 capite
313 3459 428 3536 quarto
451 3448 527 3512 libri
549 3449 576 3513 I.
601 3449 641 3514 de
664 3450 739 3519 inst.
762 3472 843 3518 mus.
868 3454 915 3541 (p.
933 3452 1004 3534 192,
1028 3452 1149 3537 v.1s):

183 3553 213 3612 in
236 3554 335 3632 libris,
361 3572 436 3633 quos
451 3557 489 3615 de
503 3557 694 3620 arithmetica
709 3562 892 3623 institutione
908 3562 1147 3636 conscripsimus,
