2398 3968
330 159 422 212 mer.
440 160 594 214 nemen.
611 163 639 227 1,
657 163 699 214 eo.
955 163 1001 229 ’63

108 329 159 390 ΙΙΙ.
195 330 240 391 Vl.
306 329 394 391 VIIII.
418 329 480 392 XII.
568 330 627 391 XV.
702 332 803 395 XVIII.
836 333 912 394 XXI.

107 412 167 474 VII.
196 413 285 476 XIIII.
308 415 383 475 XXI.
421 410 547 477 XXVIII.
571 415 683 477 XXXV.
707 416 792 478 XLII.
838 417 976 481 XLVIIII.

37 532 81 591 Sin
108 550 179 592 vero
200 551 304 594 omnes
330 535 361 593 in
389 534 524 594 ordinem
551 533 709 652 quadrupli
732 535 940 614 disponantur,
969 539 999 600 hi

36 618 80 693 qui
93 616 236 677 naturalis
253 619 369 678 numeri
391 617 547 698 quadrupli
570 626 651 688 sunt,
675 625 707 680 ut
727 619 847 680 unitatis
869 623 997 700 quadru-

35 700 106 779 plus,
136 710 168 762 et
194 701 319 763 duorum
340 702 497 788 triumque*
510 710 538 764 et
553 711 692 783 quattuor
714 710 801 782 atque
817 705 943 784 quinarii
970 719 1023 770 ets
1076 701 1098 744 l

36 794 196 848 ceterorum
213 805 278 848 sese
296 789 482 867 sequentium
491 782 510 858 ‚I
521 796 550 848 et
565 789 601 850 ad
617 807 668 850 eos
684 795 822 867 aptentur
837 808 853 849 a
869 809 996 853 novena·

34 873 72 932 rio
95 890 225 934 numero
248 871 423 934 inchoantes
451 890 570 950 semper
595 891 660 935 sese
687 875 847 934 novenario
875 893 996 954 praece·

34 956 143 1026 tentes,
172 964 243 1018 tunc
270 955 397 1035 duplicis
423 958 644 1037 sesquiquartae
672 959 875 1038 proportionis
901 958 996 1024 forma

33 1047 149 1102 teretur.

99 1160 186 1221 IIII..
236 1158 309 1219 VIII.
381 1159 444 1220 XII.
537 1158 609 1220 XVI.
708 1160 770 1222 XX.
835 1161 951 1223 XXIIII.
1006 1181 1030 1219 ro

99 1244 188 1305 VIIIl.
234 1243 333 1305 XVIII.
378 1243 492 1305 XXVII.
538 1244 662 1306 XXXVI.
708 1245 791 1307 XLV.
837 1246 923 1308 LIIII.

32 1362 64 1422 Ea
78 1381 147 1424 vero
166 1364 282 1442 species
305 1363 391 1424 huius
412 1365 545 1433 numeri,
572 1381 647 1443 quae
669 1371 714 1424 est
734 1363 840 1444 triplex
862 1365 993 1446 sesqual-

32 1457 98 1518 tera,
114 1449 176 1510 hoc
192 1448 281 1508 modo
298 1454 487 1526 procreatur,
510 1450 535 1507 si
555 1447 750 1526 disponantur
769 1468 785 1509 a
807 1448 922 1510 hinario
939 1468 993 1510 nu·

32 1551 102 1594 mero
118 1551 228 1593 omnes
249 1534 279 1592 in
302 1533 439 1594 ordinem
455 1550 542 1611 pares
558 1540 587 1594 et
602 1533 638 1593 ad
654 1551 706 1594 eos
722 1551 738 1592 a
754 1533 922 1612 septenario
937 1551 992 1595 nu·

16 1633 103 1700 {mero
128 1617 306 1678 inchoantes
332 1617 500 1697 septenario
530 1635 595 1678 sese
621 1617 880 1696 supergredientes
907 1615 992 1679 solito
1006 1636 1031 1676 1⁵

32 1702 59 1760 nd
74 1701 252 1764 alterutrum
270 1702 501 1781 comparationis
516 1701 605 1762 modo
621 1709 767 1782 aptentur.

272 1820 307 1880 n.
379 1819 440 1881 nn.
512 1819 558 1881 vr.
631 1819 702 1881 vm.
836 1875 842 1882 .

167 1979 169 1984 ‚
273 1904 332 1965 vn.
369 1904 466 1965 mm.
511 1903 585 1965 xxi.
631 1902 757 1964 xxvrn.

16 2021 54 2082 *st
77 2031 178 2085 autem
201 2041 217 2083 a
238 2023 368 2084 ternario
394 2040 518 2083 numero
546 2023 673 2100 ingressi
699 2030 821 2082 cunctos
848 2022 991 2084 naturalis

16 2111 133 2170 ,numeri
152 2107 286 2186 triplices
301 2107 492 2186 disponamus
516 2113 545 2168 et
565 2109 608 2168 eis
629 2106 781 2168 adenario
798 2125 922 2168 numero
938 2107 988 2167 de·
1002 2125 1027 2164 no

31 2195 101 2253 nario
127 2211 198 2254 sese
223 2193 485 2271 supergredientes
507 2192 612 2252 ordine
632 2208 855 2269 comparemus,
887 2207 990 2252 omnes

30 2277 154 2356 trIplices
168 2278 351 2356 sesquitertii
372 2278 402 2336 in
424 2295 456 2337 ea
474 2277 667 2337 termInorum
685 2275 906 2336 continuatione
921 2292 989 2353 pro·

16 2363 143 2454 meulent.

16 2489 17 2526 t

16 2553 19 2640 q
86 2553 98 2598 1
119 2548 201 2598 Hunc
222 2563 320 2598 oeream
340 2548 477 2612 praecedat
499 2545 556 2596 iot
579 2546 679 2595 titulus:
710 2543 820 2610 Duplex
843 2545 990 2610 sesquiter-

31 2613 81 2666 tius.
110 2619 125 2666 1
148 2619 176 2665 et
195 2618 210 2664 2
229 2613 335 2665 Mamers·
352 2631 368 2664 a
387 2615 444 2665 ·III·
463 2621 489 2664 et
506 2614 574 2664 ·VII·
593 2628 671 2679 araque
689 2614 726 2663 od
742 2611 809 2665 -XV·
829 2620 853 2663 et
872 2613 988 2663 ¹XXXV·

16 2683 48 2729 ’ἐπ
63 2683 78 2732 d
93 2687 121 2734 in
142 2686 257 2748 margine
275 2685 370 2734 dextro
388 2683 466 2732 rubro
484 2685 570 2733 colore
588 2682 672 2731 additi
686 2687 753 2734 sunt.
841 2683 856 2730 3
876 2679 906 2730 Si
923 2696 989 2731 vero

16 2763 52 2810 ¹a,
68 2751 97 2815 b,
119 2767 149 2814 c,
168 2767 197 2814 r,
216 2767 239 2802 s.
331 2753 347 2802 h
366 2751 438 2801 ·IIII·
457 2765 480 2799 c.
499 2750 622 2800 Fortasse
640 2751 784 2812 lependom:
808 2749 988 2812 quaternarii.

16 2813 80 2869 ³ise
98 2834 120 2872 s.
195 2821 210 2868 7
229 2833 341 2869 numero
361 2835 407 2871 om.
427 2817 460 2880 d,
479 2815 498 2868 I.
523 2813 534 2883 ΙΙ
556 2816 721 2868 incohantes
739 2830 759 2865 s.
825 2817 841 2866 8
859 2819 925 2864 tunc
943 2831 988 2866 om.

16 2882 46 2932 ll·
66 2882 76 2952 II
98 2886 300 2952 proposItionis
319 2885 343 2948 f,
363 2885 381 2937 I.
435 2887 468 2936 10
491 2886 567 2934 [ierne
584 2900 681 2935 uersum
697 2885 833 2948 praecedit
850 2884 908 2933 inf
929 2885 988 2932 titu-

29 2951 70 3001 lus.-
87 2955 200 3020 Duplex
218 2955 438 3020 sesquiquartus.
493 2954 525 3003 10
544 2956 571 3002 et
589 2954 629 3002 11.
649 2953 705 3002 Duo
723 2952 750 3002 di
766 2965 854 3000 versus
872 2953 989 3015 eoecepu's

29 3026 127 3074 omem
146 3021 273 3074 ·xxss11·
292 3029 318 3072 et
336 3021 433 3072 nnm-
452 3022 479 3070 in
497 3019 514 3070 d
531 3021 558 3070 in
575 3021 689 3085 marpine
706 3020 832 3084 insertare
849 3018 927 3069 rubro
945 3034 987 3068 co-

29 3089 71 3138 lore
87 3098 147 3140 runt
164 3091 257 3142 additi.
329 3091 360 3140 15
373 3088 616 3154 supergredientes
635 3103 661 3138 a.
732 3088 763 3136 16
782 3086 989 3150 cooperationis

29 3157 96 3207 nodo
113 3175 140 3208 a.
213 3157 245 3207 17
265 3161 294 3206 et
312 3159 344 3208 18
362 3158 444 3208 Iuoeto
466 3157 512 3208 dos
529 3171 617 3208 uersus
635 3155 740 3206 additus
757 3162 796 3204 est
812 3157 839 3204 io
857 3154 870 3203 f
886 3155 987 3204 titulos:

30 3220 131 3289 Triplex
149 3225 336 3290 sesqualtera.
406 3228 437 3277 19
455 3225 574 3290 ingressi
593 3239 640 3276 om.
653 3223 672 3274 i.
743 3224 777 3273 20
794 3222 926 3286 ternarIo,
945 3227 988 3272 ter

30 3305 109 3344 rasura
123 3310 210 3360 paene
229 3295 328 3356 deleto,
348 3293 368 3342 f.
413 3291 536 3358 numero]
556 3308 637 3357 supra
649 3307 745 3342 versum
757 3289 919 3340 inchoantes
932 3290 958 3339 b.
979 3286 987 3353 ll

31 3359 123 3412 atterum
140 3363 258 3414 denario
276 3378 322 3412 om·
337 3378 360 3415 c.
420 3361 534 3414 denario
552 3375 613 3411 sese
626 3375 738 3410 numero
752 3374 777 3408 a.
847 3359 878 3406 21
892 3371 989 3423 super·

31 3429 176 3487 gradientes
196 3446 221 3482 a.
233 3425 246 3496 H
259 3429 382 3480 ordinem
402 3430 422 3482 f.
474 3432 507 3480 22
525 3429 554 3478 in
567 3443 628 3478 eam
646 3428 821 3477 terminorum
841 3425 986 3474 contiuua-

31 3493 119 3548 tionem
137 3500 156 3550 f.
186 3495 198 3564 ss
222 3499 390 3564 proveniunt
409 3514 437 3561 c,
458 3496 622 3564 perventent
639 3511 708 3548 corr.
726 3497 753 3544 in
764 3492 928 3558 provenient
941 3505 965 3540 a.
978 3486 986 3548 ql
