2426 4002
334 152 426 204 rnsr.
445 151 598 203 sarran.
617 153 644 216 1,
663 155 705 206 aa.
961 155 1002 220 47

50 323 147 382 numeri
164 321 360 401 dispositione
378 323 541 383 conveniet.
587 322 719 403 Namque
735 325 770 386 ad
787 343 878 386 unum
894 328 1001 397 cuncti,

48 409 84 485 qui
102 415 284 487 sequnntur,
314 408 446 468 omnium
475 406 578 467 ordine
604 407 807 486 multiplicium
835 414 1003 491 sequentias

48 493 247 570 varietatesque
263 492 441 552 custodiunt.
487 493 529 552 ad
545 494 674 570 primunr
691 495 785 565 enim,
803 495 832 554 id
849 505 892 556 est
907 498 1001 557 unita-

26 635 27 642 ,
48 585 105 646 tem,
129 577 175 638 ·ll-
193 576 317 655 duplus,
343 576 402 637 ·lll·
419 577 539 656 triplus,
564 577 635 639 ·llll·
653 577 836 657 quadruplus
856 575 943 659 atque
962 584 1000 643 ita

26 649 66 720 lin
91 661 226 724 ordinem
254 653 491 741 progredientes
523 679 626 723 omnes
656 671 796 724 texuntur
826 664 1027 744 multiplicess
1067 675 1081 704 ι’

47 741 224 824 quantitates]
270 746 355 818 Quod
377 751 475 807 autern
497 746 606 808 dietum
629 755 672 810 est
692 748 759 826 plus
785 766 873 826 quam
900 751 999 825 semel,

26 893 27 898 γ
47 831 65 890 id
78 851 91 891 a
105 830 222 893 binario
239 848 367 891 numero
383 834 562 910 principium
584 834 662 911 capit
684 841 713 893 et
734 835 763 894 ln
785 834 931 894 infinitum
948 853 1001 911 per

26 917 208 986 ¹ternarium,
236 917 519 996 quaternariumque
545 924 575 977 et
600 924 768 978 ceterorum
795 919 929 979 ordinem
956 937 1001 980 se·

45 1003 241 1080 quentiamque
267 1000 466 1080 progreditur.
519 1000 628 1062 Contra
654 1001 733 1063 hunc
759 1021 829 1064 vero
857 1001 1001 1064 discrimi-

45 1095 114 1146 natus
133 1095 179 1148 est
198 1085 265 1152 ille,
288 1088 338 1165 qui
360 1095 479 1148 vocatur
499 1084 724 1164 submultiplex;
751 1095 780 1148 et
795 1087 869 1149 haec
884 1107 1001 1168 quoque
1015 1107 1039 1145 ro

26 1213 27 1216 ,
44 1173 123 1248 prima
144 1171 271 1231 minoris
294 1172 471 1249 quantitatis
484 1172 599 1249 species
618 1179 669 1231 est.
715 1173 768 1233 Hic
783 1181 880 1234 autem
897 1191 1000 1234 nume·

26 1249 27 1274 l
44 1273 81 1316 rus
95 1255 267 1317 huiusmodi
284 1264 336 1324 est,
355 1257 449 1333 quiin
466 1255 587 1317 alterius
603 1258 823 1334 comparatione
839 1258 1001 1336 productus

43 1339 204 1420 plusquam
226 1339 320 1400 semel
341 1342 460 1402 maioris
481 1348 619 1401 numerat
634 1359 795 1412 summam,
819 1361 872 1404 sua
888 1343 1001 1404 scilieet

43 1429 192 1500 quantitate
212 1442 282 1486 eum
305 1443 340 1486 eo
362 1425 525 1504 aequaliter
547 1425 688 1486 inchoans
709 1427 929 1506 aequaliterque
950 1429 999 1488 de-

42 1512 199 1572 terminans.
227 1491 320 1572 fldem
339 1517 435 1572 autem
453 1511 520 1571 dieo
536 1523 687 1580 numerat,
706 1512 784 1589 quod
801 1503 939 1574 merituri
969 1512 999 1573 Si
1014 1531 1037 1570 15
1078 1535 1088 1548 »Δ

42 1595 118 1670 igitur
139 1595 187 1655 his
208 1594 305 1654 solum
327 1597 471 1656 maiorem
493 1612 651 1657 numerum
668 1596 765 1655 minor
781 1613 923 1657 numerus
939 1614 999 1656 me·

41 1681 132 1750 tiatur,
158 1679 325 1759 subduplus
347 1681 514 1750 vocabitur,
544 1681 567 1741 si
588 1697 659 1741 vero
682 1688 740 1751 ter,
768 1679 945 1759 subtriplus,
975 1683 999 1742 si

42 1772 146 1840 quater,
177 1763 419 1844 subquadruplus
440 1774 469 1826 et
489 1767 521 1826 lit
541 1783 596 1845 per
616 1764 690 1826 haec
710 1767 741 1826 in
762 1766 908 1828 inlinitum
929 1784 999 1845 pro·

42 1851 155 1923 gressio,
180 1849 338 1927 additaque
357 1867 410 1910 eos
423 1867 542 1930 semper
558 1849 613 1910 sub
631 1852 850 1930 praepositione
866 1853 999 1912 nomina·

26 1931 88 2002 bis,
113 1944 147 1995 ut
166 1951 244 1996 unus
260 1936 387 1996 duorum
404 1934 583 2013 subduplus,
606 1936 694 1996 trium
718 1934 896 2015 subtriplus,
927 1935 996 1996 llll·
1012 1953 1037 1993 ao
1059 1949 1141 2002 ,rnre
1153 1939 1163 1971 ¹«

26 2019 27 2092 j
42 2018 271 2098 subquadruplus
286 2018 450 2099 appelletur
465 2028 495 2080 et
510 2028 737 2100 consequenter.

26 2109 27 2112 ’
92 2104 165 2165 Cum
193 2113 291 2166 autern
319 2105 491 2166 naturaliter
520 2104 721 2184 multiplicitas
748 2113 778 2166 et
803 2103 999 2181 submultipli-

42 2188 99 2249 citas
119 2189 235 2251 infinita
256 2192 308 2258 sit,
332 2208 434 2250 eorum
458 2207 576 2269 quoque
597 2191 712 2268 species
727 2207 782 2267 per
797 2190 933 2267 proprias
949 2205 999 2266 ge-

26 2275 198 2335 nerationes
220 2277 252 2334 in
272 2275 386 2336 inlicita
408 2275 646 2336 consideratione
661 2281 826 2334 versantur.
873 2273 903 2332 Si
920 2273 997 2332 enirn

26 2395 28 2452 q
42 2360 127 2430 positis
148 2360 181 2420 in
197 2359 324 2420 naturali
340 2361 550 2421 constitutione
565 2359 698 2418 numeris
714 2357 847 2436 singulos
861 2375 915 2436 per
931 2375 998 2418 suas
1012 2375 1037 2414 aa

26 2447 198 2520 {sequentias
212 2463 300 2523 pares
317 2443 422 2523 eligas,
440 2446 573 2504 omnium
590 2441 626 2502 ab
642 2461 703 2503 uno
719 2445 836 2522 parium
852 2453 940 2523 atque
954 2445 998 2503 in·

26 2519 139 2652 qparium
162 2547 230 2590 sese
250 2531 436 2610 sequentium
450 2527 591 2609 uduplices
616 2537 704 2588 erunt
720 2536 748 2590 et
763 2528 851 2589 huius
866 2528 999 2607 specula-

41 2611 112 2675 tionis
132 2615 282 2676 terminus
303 2615 412 2675 deficit.
439 2600 587 2674 lPonatur
604 2615 682 2674 enim
698 2612 840 2675 naturalis
855 2631 999 2675 numerus

26 2691 82 2756 ¹loc
106 2699 215 2761 modo:
248 2699 269 2758 1.
298 2698 333 2762 ll.
362 2699 409 2760 lll.
437 2698 499 2759 llll.
528 2701 559 2760 V.
588 2699 634 2760 Vl.
663 2698 721 2760 Vll.
750 2699 822 2760 Vlll.
850 2698 936 2760 Vllll
964 2698 999 2758 X.
1117 2725 1119 2732 v

39 2776 74 2840 it.
93 2783 155 2846 llll.
181 2783 257 2844 ΧΙΙΙ.
281 2783 369 2845 Xllll.
392 2783 450 2844 XV.
468 2781 545 2845 -xvt
567 2783 654 2844 XVll.
676 2783 773 2845 XVlll.
802 2783 912 2844 XVllll.
935 2783 996 2843 XX.
1013 2800 1038 2839 ao

39 2861 136 2929 Horum
161 2887 236 2948 ergo
257 2870 281 2928 si
301 2871 432 2948 primunr
454 2887 554 2930 sumas
574 2887 691 2946 parem,
714 2869 804 2930 idest
827 2868 887 2937 ·ll·,
910 2869 999 2946 primi

39 2947 131 3028 duplus
146 2955 223 3022 erit,
244 2954 275 3015 id
294 2963 338 3016 est
354 2955 489 3021 unitatis;
513 2955 622 3014 sivero
639 2962 811 3032 sequentem
827 2970 946 3031 parem,
969 2953 999 3012 id
1100 3027 1104 3038 f

39 3043 71 3093 est
86 3038 177 3109 ·llll·,
199 3038 321 3114 secundi
336 3037 444 3117 duplus
461 3045 519 3109 est,
543 3039 571 3098 id
589 3046 633 3100 est
649 3039 792 3107 duorum;
815 3040 839 3098 si
854 3056 924 3099 vero
939 3044 999 3098 ter-

26 3293 27 3312 }
88 3242 274 3310 tduplexb.
346 3243 405 3294 tid
426 3260 472 3296 om.
493 3259 517 3296 c.
585 3243 738 3306 Squeonr.
759 3259 787 3303 a,
808 3243 834 3293 b.
901 3244 932 3292 18
950 3255 1000 3306 per

41 3318 70 3356 era,
86 3311 120 3368 r'.;
150 3327 190 3363 ιω
207 3327 277 3362 corr.
296 3313 357 3362 odd.
378 3328 401 3362 c.
474 3314 504 3362 19
522 3326 605 3375 super
624 3326 670 3361 eos
689 3312 711 3368 l;
743 3326 825 3377 super
842 3326 923 3374 supro
940 3325 998 3358 ner·

40 3384 74 3448 prm
91 3394 113 3432 e.
146 3377 159 3447 ΙΙ
195 3395 305 3446 semper
324 3395 371 3430 eos
390 3396 413 3430 e.
484 3383 515 3429 21
531 3378 691 3444 appellatur
709 3394 741 3442 a,
762 3395 789 3443 c,
809 3395 830 3431 r.
899 3377 932 3426 28
951 3376 999 3424 de-

40 3443 95 3494 neiat
118 3448 139 3498 f.
220 3449 252 3499 31
277 3448 330 3498 duo
348 3448 373 3497 d.
449 3451 482 3500 33
501 3452 631 3511 quattuor
653 3447 679 3498 d.
712 3443 723 3512 ll
759 3451 802 3497 est
820 3453 883 3510 post
900 3443 998 3506 duplus

40 3520 69 3558 tn.
86 3531 114 3576 a,
134 3532 159 3567 c,
172 3573 180 3582 ,
