2398 3968
192 147 234 212 25
491 147 583 201 ruso.
602 147 757 205 narrum.
776 147 802 210 1,
822 151 862 200 n.

193 328 243 382 net
264 329 378 388 autem,
411 336 485 397 quae
511 317 553 380 itlt
576 337 692 399 quoque
720 302 895 410 recipiunt)
911 319 989 399 quod
1017 321 1159 399 quaedam

193 414 293 486 partes
309 406 372 465 eius
387 404 572 481 respondent
588 403 875 484 denominanturque
890 405 1053 467 secuudum
1070 423 1162 484 genus

193 508 279 552 suum
296 489 332 550 ad
355 491 507 569 propriam
522 492 730 568 quantitatem,
751 489 787 550 ad
811 489 1032 552 similitudinem
1049 491 1162 552 scilicet

192 577 305 655 pariter
321 576 401 653 paris
416 576 552 645 numeri,
575 574 648 636 aliae
670 592 739 635 vero
755 583 855 652 partes
876 577 1054 637 contrariam
1071 577 1160 638 deno·

168 661 387 722 ominationem
408 667 529 720 sumunt
553 661 693 738 propriae
715 662 898 738 quantitatis,
922 660 958 720 ad
979 663 1093 740 pariter
1119 665 1160 722 in·

192 747 271 826 paris
295 744 410 808 scilicet
429 745 565 804 sormam.
597 744 629 805 In
653 742 777 805 XXIIII·
801 746 880 806 euim
902 762 1027 806 numero
1048 764 1104 825 par
1121 756 1161 808 est

193 830 340 910 quantitas
355 830 480 911 partisa
501 830 567 907 pari
586 845 710 890 numero
733 828 930 890 denominata.
963 829 1037 890 Nam
1058 839 1160 909 quarta

194 917 249 978 ·VI·
273 915 403 978 secunda
427 913 498 974 -xu
522 915 604 975 sexta
625 931 694 974 vero
718 913 791 973 IIII·
809 913 983 976 duodecIma
1002 914 1064 986 -II·,
1088 933 1160 996 quae

192 1001 333 1062 vocabula
360 1001 489 1080 partium
512 1016 527 1058 a
551 999 719 1078 quantitatis
745 1000 870 1078 paritate
898 1017 956 1060 nou
981 999 1159 1080 discrepant.

154 1097 179 1137 1⁰
194 1086 347 1148 Contraria
362 1102 434 1144 vero
450 1083 691 1152 denominantur,
710 1089 740 1143 ut
756 1085 841 1144 tertia
858 1101 927 1164 pars
944 1084 1042 1155 ·VIII·,
1060 1093 1159 1147 octava

191 1189 261 1231 vcro
284 1169 341 1231 ·III·
373 1171 517 1231 Vicesima
539 1176 637 1228 autern
664 1177 767 1248 quarta
792 1161 924 1247 idquae
946 1169 1160 1232 denominatio·

191 1273 245 1316 nes
265 1273 332 1316 cum
353 1271 441 1333 pares
461 1256 535 1323 sint,
566 1254 756 1324 inveniuntur
776 1253 896 1333 inpares
917 1255 1113 1334 quantitates,
1136 1262 1162 1314 et

191 1357 259 1400 cum
275 1341 334 1400 sint
348 1357 435 1419 pares
452 1355 598 1406 summae,
621 1345 690 1398 sunt
704 1339 824 1417 inpares
841 1339 1117 1434 denominationes)

255 1457 423 1518 Nascuntur
439 1464 537 1517 autem
555 1454 626 1517 tales
642 1457 758 1518 numeri
772 1458 826 1527 ita,
851 1465 882 1518 ut
898 1457 1094 1520 substantiam
1111 1478 1160 1520 na·

153 1551 178 1592 1⁵
191 1549 349 1622 turamquc
370 1559 454 1604 suam
482 1543 511 1601 in
532 1543 595 1622 ipsa
620 1544 706 1603 etiam
726 1544 847 1622 propria
869 1545 1061 1621 generatione
1086 1544 1160 1604 desi·

191 1636 282 1705 guent
306 1648 341 1690 ex
364 1629 474 1707 pariter
490 1627 612 1706 paribus
639 1636 668 1688 et
683 1630 794 1707 pariter
820 1627 971 1707 inparibus
996 1632 1158 1707 procreari,

190 1712 304 1774 Pariter
326 1715 403 1774 enim
426 1715 545 1792 inpares
566 1714 665 1772 cuncti
688 1711 799 1772 dudum
824 1713 980 1772 ordinatim
997 1715 1103 1792 positis
1119 1715 1159 1772 in·

190 1798 312 1876 paribus
337 1797 551 1868 nascebantur,
576 1797 686 1877 pariter
709 1815 779 1857 vero
795 1816 882 1877 pares
906 1816 941 1858 ex
962 1797 1072 1878 duplici
1094 1817 1159 1878 pro-

191 1884 352 1961 gressione.
383 1884 584 1963 disponantur
598 1883 688 1960 igitur
705 1899 807 1942 omues
822 1883 851 1943 iu
869 1883 1004 1943 ordinem
1021 1882 1159 1944 naturaii-

152 1975 236 2028 aoter
263 1971 383 2048 inpares
409 1986 424 2028 a
452 1967 547 2028 tribus
580 1975 608 2026 et
631 1965 686 2026 sub
708 1966 787 2027 Irisa
813 1974 952 2045 quattuor
987 1969 1159 2030 inchoantes

191 2071 293 2116 omues
309 2052 440 2136 duplices
457 2060 485 2112 et
501 2053 559 2112 siut
575 2051 632 2110 hoc
649 2051 750 2110 modo:

265 2173 312 2235 III.
371 2175 405 2234 V.
493 2171 552 2232 VII.
608 2170 692 2232 VIIII
769 2171 816 2232 XI.
926 2170 999 2234 XIII.
1189 2217 1190 2232 r

263 2259 325 2320 IIII.
370 2257 444 2320 VIII.
489 2257 562 2318 XVI.
609 2255 724 2317 XXXII.
771 2257 884 2318 LXIIII.
931 2257 1079 2319 CXXVIII.

258 2479 273 2527 8
293 2478 414 2526 secunda
432 2493 498 2528 vero
518 2493 543 2537 a,
563 2478 589 2538 b,
612 2493 635 2539 c,
656 2476 681 2539 d,
701 2475 718 2535 1,
738 2493 758 2526 r.
783 2471 795 2543 [Ι
820 2481 898 2527 sexta
917 2492 982 2528 vero
1002 2478 1074 2528 ·IIII·
1095 2479 1156 2529 duo·

191 2545 298 2594 decima
319 2545 361 2594 ·II·
381 2544 504 2595 secunda
528 2544 596 2594 ·XII·
621 2545 646 2605 f;
674 2549 753 2595 sexta
776 2559 841 2596 vero
861 2541 932 2597 ·IIII·
951 2546 1075 2596 secunda
1093 2561 1157 2598 vero

191 2613 259 2662 -xla
277 2611 443 2663 duodecima
461 2612 504 2662 ·II·
524 2626 545 2661 a.
616 2614 647 2662 10
667 2610 831 2664 Contrarias
845 2627 870 2677 c,
884 2614 910 2676 d,
924 2613 943 2677 t,
957 2631 979 2666 r.
1009 2611 1021 2682 Η
1049 2619 1080 2663 ut
1099 2629 1158 2665 oum

191 2695 222 2743 a,
242 2696 302 2730 cum
320 2683 390 2742 etr,
409 2695 430 2730 a.
460 2675 472 2744 Η
501 2679 558 2728 ·111·
579 2697 603 2730 c.
691 2682 720 2729 11
740 2696 806 2732 vero
826 2698 872 2735 om.
893 2697 922 2746 o,
941 2683 961 2732 f.
985 2678 997 2748 Η
1019 2689 1080 2748 poet
1104 2682 1157 2734 ·III·
1189 2685 1190 2738 t

190 2749 281 2798 addita
298 2755 356 2797 sunt
374 2750 400 2798 in
421 2763 452 2796 a:
473 2746 559 2797 semel
579 2746 703 2796 -xxml-
723 2763 794 2812 quae
808 2750 951 2813 quantitas
970 2767 1021 2815 par
1039 2755 1091 2813 eat,
1113 2747 1158 2800 sed

191 2815 379 2866 denominatio
398 2816 491 2880 Impar:
512 2832 576 2882 quae
594 2815 671 2866 uerbo
688 2819 800 2867 secunda
818 2834 892 2868 ranno
905 2820 993 2869 adseri
1013 2826 1039 2869 ta
1055 2826 1116 2868 aaut
1134 2820 1158 2866 in
1189 2853 1190 2872 a

189 2885 301 2949 morpime
324 2885 353 2933 in
371 2884 403 2947 b,
424 2883 454 2945 d,
473 2883 497 2947 l,
522 2900 547 2934 r.
573 2880 584 2950 Η
614 2887 713 2948 quarta
732 2884 873 2949 entend,
893 2884 917 2949 f,
938 2887 956 2936 t,
983 2836 1010 2952 ΙΗ
1024 2886 1119 2936 unitas
1137 2900 1156 2944 r,

189 2953 283 3001 unitas
303 2957 344 3002 est
367 2968 394 3016 c,
414 2953 507 3002 unitas
529 2956 572 3002 est
594 2950 681 3002 semel
704 2952 837 3004 ·XXIIII·
862 2968 930 3018 nna,
955 2969 1026 3018 quae
1051 2953 1158 3019 quanti-

190 3024 235 3070 tas
260 3035 313 3084 par
330 3025 386 3084 est,
411 3019 459 3071 sed
482 3019 670 3071 denomInatio
689 3021 780 3085 impar
798 3037 819 3071 s.
849 3017 861 3088 Η
890 3021 1156 3073 denominationum
1189 3073 1190 3080 Η

191 3103 242 3153 par
260 3088 310 3150 eit,
333 3089 473 3138 invonitur
491 3089 572 3155 inpar
590 3089 732 3154 quantitas
751 3105 776 3139 a.
865 3091 896 3141 16
915 3093 1055 3156 procreati
1071 3105 1156 3142 corre·

190 3164 254 3206 ctum
273 3157 299 3204 im
317 3157 457 3220 procreari
476 3172 502 3220 a,
522 3173 545 3216 c,
566 3157 590 3222 ἢ
610 3160 752 3222 procreari
771 3165 795 3208 et
813 3173 894 3224 cupro
910 3175 1008 3210 versum
1024 3158 1038 3210 I
1054 3160 1077 3208 ti
1096 3160 1122 3225 b,
1136 3173 1155 3206 r.
1189 3165 1190 3168 ’

191 3225 223 3274 19
241 3224 467 3288 Disponebantur
484 3241 505 3274 r.
530 3222 541 3291 Η
565 3226 594 3275 in
613 3223 738 3276 ordinem
837 3227 1003 3278 inchoantes
1022 3242 1115 3278 omnes
1133 3228 1156 3274 in

190 3293 303 3356 morqine
321 3294 456 3356 superiore
474 3294 585 3344 secundo
603 3309 677 3345 manu
696 3310 717 3346 r.
740 3290 752 3360 Η
776 3296 804 3345 in
824 3295 918 3346 ordine
938 3295 963 3344 d.
1023 3297 1056 3345 20
1074 3309 1091 3344 a
1110 3294 1155 3344 tri-

189 3360 240 3409 bue
260 3375 307 3413 om.
326 3376 352 3423 a,
365 3359 391 3424 d,
410 3359 430 3422 f,
449 3375 474 3423 η
492 3377 573 3426 supra
591 3379 689 3414 oeream
708 3379 732 3414 c.
756 3359 768 3430 Η
792 3364 895 3414 ·1111·f.
965 3365 997 3414 22
1015 3363 1085 3413 Huic
1102 3377 1155 3412 oer-

189 3429 230 3477 sua'
246 3429 320 3478 addit
337 3427 369 3478 ab
387 3429 473 3479 initio:
490 3429 602 3482 Pariter
619 3432 732 3496 Inpares
752 3433 776 3493 ἲς
799 3434 826 3482 in
840 3433 893 3494 fine
910 3433 1021 3483 addunt:
1046 3429 1111 3481 ·XV·
1130 3429 1155 3490 b,

189 3494 213 3558 13
237 3497 352 3548 sr'mt'iiter
372 3499 488 3563 coquenti
505 3501 603 3549 versui:
622 3499 732 3550 Pariter
754 3513 836 3564 pares
855 3501 879 3562 f3
901 3499 1029 3550 couvi
1055 3499 1086 3564 b,
1107 3499 1123 3548 I.
1189 3545 1190 3558 ,
