2398 3968
173 147 217 212 50
473 147 566 200 rusa.
584 147 744 199 Amruu.
757 147 784 209 1,
803 149 844 199 aa.

174 319 269 380 mites
315 315 634 396 Superparticularium
657 335 776 396 quoque
797 318 910 380 infinita
926 326 971 380 est
986 316 1150 380 multitudo

174 403 211 464 ob
229 421 293 464 eam
310 421 389 472 rem,
409 401 486 482 quod
503 403 633 464 einsdem
649 403 763 480 species
778 402 989 465 interminabili
1004 419 1150 481 progres-

174 490 257 552 sione
273 488 445 565 iunguntur.
489 487 623 569 Namque
639 485 803 567 sesqualter
818 486 941 549 habebit
955 488 1076 568 quidem
1093 487 1148 550 du·
1194 510 1195 516 ¹

174 592 224 635 ces
245 590 348 634 omnes
369 582 436 652 post
457 575 619 634 ternarium
642 588 800 632 numerum
816 572 989 634 naturaliter
1003 571 1149 652 triplices,

147 661 297 720 scomites
318 676 389 719 vero
410 675 515 719 omnes
535 665 602 736 post
624 655 772 718 binarium
796 674 953 719 numerum
970 656 1150 719 naturaliter

173 762 276 825 pares,
304 743 360 804 hoc
387 742 474 803 modo
502 749 535 802 ut
557 742 672 822 primus
693 743 804 820 primo,
832 742 982 804 secundus
1004 743 1149 812 secunde,

137 830 276 940 )ertius
296 828 382 889 tertio
401 833 590 904 comparetur
606 833 635 888 et
650 826 797 905 deinceps,
838 826 1052 888 Describantur
1067 829 1149 889 enim
1195 877 1196 904 ,

173 913 335 993 longissimi
357 929 461 972 versus
476 909 639 990 triplicium
655 911 798 972 naturalis
813 913 929 973 numeri
944 919 1033 991 atque
1048 911 1150 990 dupli·
1195 941 1196 946 .

173 999 252 1059 cium
269 1007 297 1059 et
314 995 423 1058 sithoc
439 996 542 1056 modo:

134 1135 195 1195 rol.
234 1133 269 1193 ll.
312 1132 360 1194 lll.
410 1130 473 1191 llll.
501 1132 533 1191 V.
572 1129 618 1190 VI.
688 1129 748 1191 Vll.
791 1130 864 1191 Vlll.
922 1130 1008 1192 VIIII.
1055 1130 1092 1192 Χ.

173 1217 221 1278 Ill.
235 1217 280 1278 Vl.
312 1214 398 1278 VIIII.
410 1215 472 1276 Xll.
500 1215 558 1277 XV.
571 1213 671 1275 XVIII.
687 1213 762 1275 XXI.
791 1213 908 1276 XXIIII.
925 1215 1036 1277 XXVII.
1054 1215 1148 1277 XXX.
1196 1244 1197 1290 p

173 1302 207 1363 ll.
236 1300 298 1363 llll.
314 1300 359 1361 Vl.
412 1299 483 1361 Vlll.
499 1297 535 1359 X.
572 1299 633 1360 Xll.
687 1297 776 1359 Xllll.
790 1298 862 1360 XVI.
921 1298 1019 1360 XVIII.
1051 1299 1118 1361 XX.
1196 1307 1197 1382 f

237 1435 355 1496 Primus
379 1435 470 1513 igitur
496 1452 599 1496 versus
629 1435 759 1494 continet
777 1433 940 1494 'numerum
967 1433 1149 1505 naturalem,

174 1520 323 1583 secundus
339 1521 402 1581 eius
417 1517 580 1598 triplicem,
601 1519 705 1580 tertIus
719 1535 790 1579 vero
802 1516 957 1598 duplicem.
1002 1519 1101 1597 Atque
1117 1522 1150 1580 in

134 1619 160 1660 1⁵
175 1625 209 1668 ec
232 1608 256 1668 si
277 1607 426 1667 ternarius
447 1603 579 1674 biuario,
607 1602 653 1664 vel
674 1604 699 1664 si
714 1603 848 1664 senarIus
864 1605 1071 1684 quaternario,
1100 1603 1150 1664 rel

174 1691 350 1752 novenarius
370 1691 487 1750 senario
504 1693 704 1767 comparetur,
730 1685 772 1748 vel
789 1705 892 1749 omnes
908 1687 1038 1766 triplices
1055 1705 1150 1766 supe·
1197 1711 1198 1746 t

173 1774 268 1835 riores
289 1776 313 1833 si
335 1773 500 1853 duplicibus
521 1774 653 1835 numeris
675 1771 924 1851 consequentibus
943 1779 1147 1850 opponantur,
1197 1787 1198 1794 ¹

173 1857 311 1920 hemiolia
327 1858 355 1918 id
373 1865 417 1920 est
432 1856 614 1936 sesqualtera
631 1857 783 1937 proportio
804 1864 951 1919 nascetur.
985 1856 1044 1917 ·lll·
1063 1859 1148 1919 enirn

174 1942 284 2004 hahent
311 1944 386 2005 intra
414 1961 445 2004 se
473 1943 519 2003 ·ll·
547 1950 576 2003 et
602 1959 705 2003 eornm
732 1940 859 2002 mediam
885 1947 1015 2019 partem,
1041 1941 1072 2003 id
1101 1953 1151 2005 est

134 2042 275 2089 nonnum.
321 2027 379 2088 Sex
406 2045 524 2106 quoque
553 2027 705 2087 continent
733 2027 812 2086 iutra
836 2043 868 2087 se
889 2024 961 2087 ·llll·
986 2035 1148 2088 eteorum

173 2113 375 2184 medietatem,
395 2113 424 2172 id
441 2118 485 2173 est
503 2111 546 2171 ·ll·
593 2111 629 2171 Et
646 2109 741 2171 ·Vllll·
757 2111 834 2171 intra
850 2129 881 2172 se
897 2111 1046 2171 senarium
1063 2109 1149 2171 clau-

173 2198 248 2261 dunt
263 2206 292 2260 et
307 2199 369 2260 eius
385 2197 512 2258 mediam
528 2203 658 2275 partem,
674 2194 702 2255 id
719 2193 855 2264 est-lll·;
875 2195 1037 2274 eodemque
1053 2195 1149 2256 modo

173 2286 202 2344 in
218 2285 335 2346 ceteris.

236 2384 398 2446 Dicendum
420 2402 490 2445 vero
512 2392 572 2452 est,
595 2385 619 2444 si
635 2383 701 2463 quis
716 2381 876 2443 secundam
893 2383 1022 2458 speciem
1037 2399 1149 2459 super-

133 2484 159 2524 as
173 2465 359 2548 particularis
380 2469 496 2529 numeri
517 2469 706 2530 considerare
728 2465 890 2535 desideret,
912 2465 942 2524 id
965 2472 1009 2526 est
1029 2468 1149 2544 sesqui·

173 2555 305 2623 tertiam,
337 2551 416 2629 quali
446 2553 560 2613 ratione
586 2552 744 2629 repperiet.
797 2552 838 2610 dc
864 2551 995 2612 delinitio
1022 2550 1147 2628 quidem

173 2639 260 2700 huius
276 2637 504 2716 comparationis
519 2634 583 2696 talis
606 2644 658 2696 est.
704 2635 917 2714 Sesquitertius
938 2642 996 2703 est,
1021 2635 1073 2712 qui
1089 2636 1148 2695 rni-

172 2724 239 2784 nori
260 2728 449 2801 comparatus
464 2718 554 2780 habet
570 2737 637 2780 eum
653 2718 744 2780 semel
761 2729 789 2780 et
805 2721 868 2781 eius
883 2719 1000 2780 tertiam
1015 2726 1148 2797 partem.

239 2961 348 3013 3Nem
371 2959 393 3013 i.
433 2953 446 3026 Η
486 2957 594 3023 quidem
612 2956 766 3010 habebitf.
855 2954 1147 3009 10—12V1111.X.

171 3029 285 3084 XXVII,
308 3027 395 3080 XXX.
419 3026 522 3076 XVIII.
544 3023 604 3076 XX.
624 3041 669 3076 om.
689 3039 706 3074 a
724 3031 749 3074 et
767 3022 794 3086 d;
819 3024 910 3074 sedin
928 3021 945 3072 d
963 3025 1037 3074 iidem
1053 3038 1150 3073 aerem

171 3101 197 3148 in
214 3098 327 3162 margine
345 3096 470 3160 inferiore
488 3097 681 3160 lepronianum
698 3109 751 3142 cum
769 3093 878 3142 numeris
890 3092 917 3140 in
933 3097 1056 3142 contemtu
1069 3093 1148 3142 omis-

170 3168 215 3216 sis.
291 3167 322 3215 tr
348 3166 523 3230 apponantur
540 3161 574 3225 b,
594 3161 617 3226 l,
637 3177 658 3214 r.
733 3160 765 3210 18
784 3157 915 3210 emihclis
933 3173 964 3223 a,
990 3157 1147 3208 hemiholia

171 3235 200 3295 b,
224 3231 434 3298 Hethimologia
458 3247 481 3283 c.
515 3226 527 3297 ll
561 3229 688 3280 nascitur
710 3227 728 3281 l.
762 3223 773 3293 Η
806 3230 863 3278 tres
880 3226 901 3281 i.
990 3228 1021 3276 19
1045 3225 1099 3276 duo
1125 3227 1146 3279 i.

170 3303 278 3355 20-21
298 3315 380 3352 unum
395 3299 479 3348 ...id
498 3303 541 3350 est
558 3313 605 3350 om.
624 3313 647 3352 c.
707 3298 740 3348 20
753 3296 782 3346 ·I·
801 3294 826 3348 b.
850 3291 862 3361 ss
887 3293 1011 3344 continet
1030 3309 1060 3356 c,
1081 3308 1148 3345 oon-

169 3370 253 3434 tinet‚
276 3375 395 3420 mutatum
416 3368 443 3418 a‘n
467 3367 611 3416 continent
634 3380 659 3416 a.
695 3360 706 3431 ΙΙ
739 3365 812 3414 inter
830 3378 858 3424 c,
883 3362 954 3412 inter
976 3369 1096 3412 mutatum
1119 3365 1148 3412 in

170 3440 244 3489 Intra
262 3454 289 3492 a.
325 3448 333 3460 “
363 3438 395 3487 21
414 3435 468 3485 duo
488 3435 506 3484 f.
536 3430 547 3500 Η
582 3433 635 3484 ·VI·
658 3433 684 3483 b.
760 3433 793 3481 22
811 3429 930 3480 mediam
948 3424 1067 3496 partem]
1088 3445 1146 3480 me-

170 3507 303 3557 dietatem
321 3505 340 3555 l.
416 3505 450 3554 24
469 3507 512 3554 est
529 3517 576 3554 om.
596 3501 626 3565 d,
645 3501 664 3551 f.
734 3501 766 3550 ⁸27
785 3503 828 3548 est
846 3513 892 3549 om.
912 3514 940 3561 c,
960 3497 985 3547 d.
