2398 3968
51 873 200 935 DOMINO
221 871 299 934 SUO
319 872 515 934 PATBIOIO
539 873 772 935 SVMMAOHO
791 874 980 938 BOETIUS.

93 1043 124 1104 ln
150 1043 253 1104 dandis
279 1043 518 1122 accipiendisque
539 1041 713 1104 muneribus
733 1045 772 1105 ita
795 1053 876 1106 recte
898 1043 994 1106 officia

39 1129 169 1190 intereos
183 1128 359 1206 praecipue,
384 1128 434 1206 qui
449 1145 514 1188 sese
529 1130 629 1206 magni
645 1130 769 1199 iaciunt,
792 1131 994 1200 aestimantur,

39 1213 58 1271 si
78 1211 181 1293 liquido
207 1211 368 1283 constabit,
399 1231 456 1274 nec
477 1211 514 1272 ab
543 1212 600 1274 boc
620 1212 713 1282 aliud,
743 1215 821 1294 quod
843 1213 995 1276 liberalius

40 1297 158 1368 afferret,
181 1299 349 1365 inventum,
372 1313 427 1359 nec
443 1296 479 1358 ab
502 1295 552 1357 illo
570 1314 715 1376 unquam,
738 1299 817 1379 quod
834 1300 993 1360 iucundius
1020 1308 1034 1348 5

38 1381 227 1444 benevolentia
244 1381 499 1462 conplecteretur,
523 1391 686 1462 acceptum.
723 1383 803 1445 Haec
819 1386 881 1462 ipse
896 1387 993 1446 consi·

39 1465 132 1528 derans
147 1466 231 1528 attuli
247 1485 307 1527 non
322 1468 425 1546 ignava
441 1485 531 1545 opum
548 1467 691 1546 pondera,
708 1469 815 1547 quibus
830 1470 866 1529 ad
879 1469 993 1530 lacinus

39 1551 102 1612 nibil
117 1553 299 1620 instructius,
317 1569 384 1613 cum
400 1551 529 1614 habendi
544 1554 607 1614 sitis
622 1553 783 1622 incanduit,
800 1554 836 1615 ad
853 1555 992 1615 meritum

37 1635 100 1696 nihil
115 1638 206 1710 vilius,
223 1655 292 1698 cum
308 1655 342 1697 ea
357 1636 414 1698 sibi
430 1639 523 1698 victor
538 1640 654 1699 animus
667 1636 778 1699 calcata
791 1638 924 1708 subiecit,
940 1638 993 1700 sed

37 1738 81 1792 ea,
97 1740 168 1800 quae
184 1741 220 1784 ex
237 1723 419 1784 Graecarum
438 1722 588 1802 opulentia
609 1721 772 1784 litterarum
794 1725 825 1783 in
841 1721 992 1784 Romanae
1006 1734 1033 1778 10

37 1809 166 1868 orationis
185 1807 359 1868 thesaurum
383 1814 499 1886 sumpta
528 1809 727 1868 conveximus
765 1808 807 1868 lta
835 1811 913 1869 enim
935 1809 993 1870 mei

36 1908 140 1971 quoque
155 1892 228 1952 mibi
245 1894 344 1972 operis
360 1893 434 1952 ratio
451 1893 611 1962 constabit,
628 1894 666 1962 si,
689 1911 763 1972 quae
780 1911 817 1954 ex
833 1894 993 1971 sapientiae

35 1973 165 2038 doctrinis
181 1976 284 2047 elicui,
302 1979 511 2055 sapientissimi
526 1977 635 2038 iudicio
647 1978 880 2058 conprobentur.
905 1978 993 2040 Vides

34 2061 127 2137 igitur,
144 2069 177 2122 ut
193 2069 253 2122 tam
269 2064 367 2140 magni
383 2061 495 2123 laboris
510 2063 632 2124 effectus
647 2069 730 2124 tuum
747 2069 861 2124 tanturn
879 2070 993 2141 spectet

34 2163 162 2216 examen,
187 2165 244 2207 nec
264 2147 295 2206 in
317 2165 405 2214 aures
427 2147 548 2225 prodire
563 2147 709 2226 publicas,
733 2149 788 2207 nisi
804 2149 909 2208 doctae
925 2164 1033 2206 sen-15

34 2231 130 2292 tentiae
145 2231 373 2310 adstipulatione
388 2233 507 2293 nitatur.
539 2231 572 2292 ln
595 2251 654 2310 quo
676 2231 748 2292 nibil
768 2233 874 2292 mirum
899 2230 992 2291 rideri

34 2313 124 2384 debet,
142 2334 209 2377 cum
224 2315 254 2376 id
269 2333 360 2394 epae,
384 2317 463 2396 quod
480 2318 642 2395 sapientiae
658 2317 776 2376 inventa
793 2316 990 2396 persequitur,

34 2415 84 2459 ron
101 2401 230 2462 auctoris
247 2402 298 2462 sed
315 2401 411 2462 alieno
427 2399 571 2462 incumbit
586 2400 727 2470 arbitrio;
745 2401 805 2462 suis
821 2401 931 2481 quippe
947 2403 991 2461 in·

33 2487 195 2546 strumentis
217 2503 265 2546 res
280 2487 403 2548 rationis
420 2485 611 2565 expenditur,
633 2504 700 2546 cum
715 2486 857 2547 iudicium
874 2488 991 2563 cogitur

35 2569 126 2630 subire
148 2569 311 2648 prudentis.
347 2571 407 2632 Sed
430 2570 499 2631 huic
520 2569 697 2631 munusculo
714 2588 774 2631 non
796 2572 898 2632 eadem
914 2589 989 2651 quae
1005 2590 1034 2629 ao

35 2656 133 2716 ceteris
147 2655 292 2716 inmineat
307 2655 421 2716 artibus
432 2657 616 2717 munimenta
629 2658 786 2726 constituo,
803 2659 991 2738 nequeenim

88 2844 101 2891 1
125 2842 231 2908 Incipit
254 2841 375 2908 epistole
393 2842 487 2893 Boecii
511 2842 546 2892 ad
567 2841 754 2892 simmachum
775 2843 896 2908 patrium
916 2858 993 2893 soce-

33 2921 77 2958 rum
101 2909 126 2962 ὗ.
148 2909 171 2960 ὅ.
206 2910 324 2961 Domino
348 2925 397 2960 suo
419 2911 539 2976 patricio
563 2909 721 2961 simmacho
738 2911 867 2963 Boeeius.
903 2911 992 2960 Mani-

32 2971 70 3027 lius
96 2977 248 3028 Severinus
273 2978 367 3028 floruit
394 2978 564 3045 temporibus
587 2979 734 3030 Tooderici
762 2981 836 3044 regis
858 2977 992 3028 Italorum

32 3045 216 3110 transtulitque
240 3045 364 3104 libellum
386 3047 470 3097 istum
492 3045 525 3096 de
550 3045 639 3098 Greco
661 3048 691 3096 in
714 3047 846 3096 Latinum
870 3062 993 3112 gemme-

32 3111 111 3178 u‘tque
134 3114 250 3164 floribus
274 3112 423 3164 facundiae
441 3115 593 3165 Romanae.
627 3115 732 3181 Incipit
753 3114 826 3164 liber
842 3115 935 3164 Boetii
958 3113 992 3164 de

32 3177 210 3234 irithmetica.
230 3197 256 3234 e.
279 3178 292 3247 Η
315 3197 364 3232 suo
382 3198 430 3234 oce.
445 3182 476 3246 d,
493 3183 512 3234 l.
534 3178 546 3248 Η
562 3183 637 3248 patri
654 3182 691 3247 d,
703 3182 727 3246 1,
745 3199 766 3232 r,
784 3179 796 3249 ll
812 3182 931 3234 Domino

33 3243 133 3301 Boetius
152 3265 201 3301 om.
220 3250 241 3312 f,
261 3264 284 3300 e.
354 3251 428 3301 tica
445 3255 523 3301 recte
540 3252 567 3300 in
585 3252 698 3315 marpine
716 3268 738 3316 r,
757 3267 838 3316 cupra
855 3267 952 3301 nereum
970 3267 991 3304 s.

33 3315 163 3370 tofferret
183 3333 208 3382 c,
222 3316 247 3376 d,
261 3317 280 3377 f,
294 3332 316 3369 r.
392 3319 484 3383 8pcct
501 3319 677 3369 instructius:
698 3323 727 3369 et
744 3334 770 3383 a,
790 3323 804 3368 e
822 3335 857 3369 ex
875 3334 944 3370 corr.
964 3319 990 3381 d,

34 3390 59 3434 est
76 3387 99 3451 f,
120 3402 143 3437 s.
217 3387 250 3435 12
272 3387 364 3451 operis
382 3386 452 3436 mihi
470 3403 499 3448 e,
519 3403 548 3452 c,
566 3386 598 3450 d,
616 3388 642 3452 f,
661 3387 685 3450 l,
705 3402 725 3440 s.
797 3389 829 3437 14
849 3391 993 3452 exspectet

33 3445 61 3520 ill
76 3457 189 3520 spectet
208 3457 288 3504 litera
304 3446 477 3519 praecedente
496 3471 521 3506 a.
580 3457 611 3505 1r
631 3453 701 3519 quod
726 3471 773 3506 om.
792 3454 811 3504 f.
874 3457 906 3505 21
927 3467 990 3503 con·

34 3521 96 3574 diluo
115 3523 293 3574 munimenta
312 3539 341 3586 a,
360 3523 386 3573 b.

744 3608 787 3665 1*
