2398 3968
177 159 198 216 4
386 153 479 204 INST.
497 151 651 203 ARITHM.
670 153 699 214 t,
717 150 937 203 PRAEFATIO.

178 324 242 386 lere
263 321 322 385 ulla
343 324 385 383 sic
408 323 522 382 cunctis
544 321 678 382 absoluta
699 321 834 401 partibus
849 320 958 383 nullius
974 321 1072 400 indiga
1088 321 1150 383 suis

179 415 291 470 tantum
309 415 354 470 est
370 407 493 468 scientia
512 407 580 467 nixa
594 406 763 485 praesidiis,
780 417 883 467 utnon
896 415 1062 468 ceterarum
1075 424 1151 485 quo-

181 512 238 574 que
254 494 361 554 artium
378 491 547 552 adiumenta
563 491 719 553 desideret.
751 491 824 552 Nam
841 492 872 551 in
889 490 1054 568 effigiandis
1068 509 1149 552 mar·

181 597 264 639 more
280 579 383 638 statuis
399 577 472 636 alius
485 576 665 638 excidendae
681 575 766 638 molis
782 575 866 637 labor
878 585 931 647 est,
949 575 1003 637 alia
1015 576 1149 638 forman-

154 662 235 724 sdae
250 664 387 741 imaginis
403 663 489 730 ratio,
506 679 562 723 nec
579 661 711 724 eiusdem
727 662 846 722 artificis
861 679 966 722 manus
982 661 1066 740 politi
1078 680 1150 741 ope·

178 749 220 809 ris
240 749 320 810 nitor
336 753 496 826 exspectat.
525 749 561 809 At
576 749 709 825 picturae
725 746 861 807 manibus
875 745 974 807 tabula
991 750 1149 808 commissa

178 832 348 894 fabrorum:
366 851 452 894 cerae
467 833 577 892 rustica
593 831 799 892 observatione
815 831 987 910 decerptae.
1014 831 1151 893 colorum

176 919 238 980 luci
255 925 453 980 mercatorum
468 915 598 977 sollertia
609 917 776 996 perquisiti,
793 915 882 978 lintea
898 919 1032 994 operosis
1048 916 1150 978 elabo-

179 1011 242 1066 rata
251 1005 387 1064 textrinis
399 1001 596 1082 multiplicem
608 1003 763 1064 materiam
774 1009 936 1081 praestant.
953 1001 1058 1063 Nonne
1070 1003 1151 1064 idem

138 1107 164 1148 ιο
178 1106 296 1168 quoque
308 1090 337 1149 in
350 1086 497 1150 bellorum
509 1088 613 1148 nsitur
624 1087 849 1149 instrumentis?
871 1087 925 1148 llic
937 1086 1049 1166 spionia
1060 1091 1151 1166 sagit·

179 1176 216 1234 tis
232 1175 365 1242 exacuit,
381 1171 423 1232 illi
438 1172 550 1233 validus
566 1181 652 1234 torax
668 1174 752 1252 nigra
768 1174 859 1250 gemit
875 1173 995 1244 incude,
1012 1179 1057 1233 ast
1073 1174 1151 1236 alius

179 1258 264 1318 crudi
279 1258 418 1318 umbonis
429 1259 559 1336 tegmina
576 1259 690 1339 proprii
704 1257 816 1319 laboris
832 1258 897 1318 orbi
907 1257 1056 1336 infigenda
1068 1277 1150 1320 mer-

177 1349 271 1403 catur.
301 1341 374 1402 Tam
397 1341 497 1402 multis
512 1343 627 1403 artibus
649 1361 698 1404 ars
719 1359 779 1403 una
800 1344 961 1421 perficitur.
997 1344 1034 1404 At
1055 1347 1152 1405 nostri

176 1427 287 1488 laboris
303 1423 449 1488 absolutio
465 1426 554 1505 louge
576 1427 611 1488 ad
628 1427 792 1488 faciliorem
808 1431 903 1488 currit
918 1437 1065 1490 eventum.
1103 1429 1150 1490 Tu

138 1530 164 1569 15
178 1513 258 1572 enim
273 1511 354 1573 solus
369 1529 490 1572 manum
506 1530 646 1592 supremo
668 1515 754 1593 operi
776 1515 918 1592 inpones
940 1514 970 1572 in
993 1531 1052 1593 quo
1073 1514 1151 1574 nihil

177 1596 214 1657 de
230 1597 453 1660 decernentium
477 1615 598 1659 necesse
620 1607 665 1661 est
685 1597 822 1660 laborare
845 1615 1000 1659 consensu.
1037 1597 1149 1670 Quam-

176 1681 249 1743 libet
264 1685 343 1743 enim
359 1682 416 1742 hoc
432 1681 572 1744 iudicium
588 1683 689 1744 multis
705 1684 818 1745 artibus
830 1684 974 1762 probetur
986 1682 1149 1756 excultum,

175 1785 236 1826 uno
257 1775 356 1828 tamen
377 1766 543 1828 cumulatur
565 1771 709 1830 examine.
774 1786 778 1796 ’

239 1851 402 1931 Experiere
429 1852 519 1929 igitur
545 1851 627 1924 licet,
659 1864 802 1933 quantum
831 1853 915 1914 nobis
942 1854 973 1912 in
1000 1853 1057 1914 hoc
1084 1861 1150 1914 stu·

137 1955 162 1994 ao
176 1936 224 1996 dio
251 1935 347 2016 longis
374 1945 488 1998 tractus
514 1939 581 1998 otiis
602 1937 687 1999 labor
708 1939 864 2007 adiecerit,
895 1956 931 1998 an
954 1956 1055 1999 rerum
1076 1938 1151 1999 sub-

176 2019 271 2082 tilium
299 2021 386 2098 luges
414 2023 590 2084 exercitatae
615 2027 723 2085 mentis
748 2025 888 2086 velocitas
913 2023 1149 2102 conprehendat,

177 2115 277 2168 utrum
304 2109 421 2168 ieiunae
449 2108 558 2168 macies
579 2109 721 2170 orationis
748 2109 782 2169 ad
810 2127 859 2180 ea,
890 2126 965 2186 quae
987 2116 1057 2170 sunt
1077 2107 1150 2170 cali-

176 2193 315 2268 gantibus
346 2192 475 2270 inpedita
505 2195 660 2254 sententiis
690 2193 872 2272 expedienda
902 2193 1040 2255 sufficiat
1082 2191 1150 2262 Qua

175 2280 204 2336 in
226 2296 260 2338 re
280 2277 353 2338 mihi
375 2277 462 2339 alieni
485 2297 603 2359 quoque
623 2277 725 2339 iudicii
744 2279 829 2340 lucra
851 2286 1050 2356 quaeruntur,
1077 2296 1150 2340 curn

136 2377 162 2418 aa
175 2371 208 2422 tu
230 2370 425 2442 utrarumque
445 2365 643 2440 peritissimus
662 2363 829 2426 litterarum
845 2365 941 2442 possis
957 2364 1063 2427 Graiae
1079 2380 1150 2423 ora·

175 2447 263 2506 tionis
291 2447 462 2525 expertibus
492 2459 635 2528 quantum
664 2449 701 2510 de
731 2449 817 2512 nobis
847 2449 978 2511 iudicare
1008 2448 1149 2517 audeant,

175 2530 238 2590 sola
264 2537 378 2591 tautum
406 2535 648 2611 pronuntiatione
674 2534 889 2612 praescribere.
934 2535 970 2593 At
990 2551 1051 2592 non
1073 2530 1149 2592 alte·

175 2617 237 2677 rius
267 2614 414 2677 obnoxius
440 2619 580 2680 institutis
610 2621 756 2681 artissima
787 2625 896 2678 memet
924 2619 990 2694 ipse
1020 2616 1149 2678 transta-

174 2701 264 2761 tionis
290 2698 356 2780 lege
383 2705 567 2781 constringo,
599 2704 650 2764 sed
676 2703 829 2783 paululum
855 2700 978 2761 liberius
1005 2710 1149 2778 evagatus

136 2801 162 2842 ao
175 2785 270 2846 alieno
286 2787 400 2856 itineri,
417 2805 477 2847 uon
492 2790 642 2866 vestigiis.
653 2789 765 2850 insisto.
798 2786 871 2846 Nam
893 2794 922 2846 et
942 2803 992 2855 ea,
1016 2805 1091 2865 quae
1107 2787 1149 2848 de

174 2872 306 2931 numeris
328 2889 345 2930 a
367 2870 548 2934 Nicomacho
564 2873 698 2934 diffusius
719 2873 866 2951 disputata
886 2879 969 2943 sunt,
991 2872 1147 2934 moderata

1191 2997 1192 3030 t

243 3092 395 3158 lindigua
413 3109 438 3142 a.
496 3093 698 3158 3effingendis
717 3093 737 3144 f.
758 3093 804 3145 effi
825 3094 903 3144 endis
921 3110 942 3143 r.
1006 3095 1146 3146 testem.
1191 3031 1192 3102 1

174 3158 231 3220 d‚l.
289 3160 426 3211 8solctia
444 3161 469 3210 d.
528 3165 560 3213 to
576 3161 749 3213 imbellorum
767 3110 867 3228 efiin
883 3161 1019 3213 bellorum
1037 3175 1146 3225 quoque

174 3227 199 3289 f,
218 3243 240 3276 r.
307 3230 337 3277 11
356 3229 456 3279 thorax
474 3230 493 3279 f.
559 3233 591 3280 12
613 3230 738 3282 erudirem
760 3231 842 3282 bonis
861 3247 889 3292 a,
907 3231 941 3294 b,
960 3245 982 3280 s.
999 3226 1146 3296 llinfigens
1191 3223 1192 3312 l

173 3294 348 3346 demereatur
364 3313 387 3348 e.
442 3300 472 3348 l‘l
491 3298 585 3349 multis
604 3300 712 3350 ortibus
730 3300 782 3350 hoo
800 3299 933 3350 iudicium
946 3299 967 3360 f,
979 3295 1073 3347 multis
1090 3295 1145 3346 hoe
1191 3319 1192 3366 p

172 3363 305 3414 iudicium
319 3365 459 3417 artibuss.
514 3369 546 3418 18
559 3367 728 3418 cumulemur
742 3384 771 3430 o,
790 3382 811 3417 r.
865 3369 898 3417 24
915 3367 983 3416 mihi
1003 3381 1016 3416 s
1033 3367 1060 3415 iu
1076 3379 1146 3414 mar·
1191 3375 1192 3425 t

171 3433 230 3498 piae
246 3429 258 3499 Η
275 3432 362 3484 alieni
378 3433 445 3484 mihi
464 3451 488 3486 c.
559 3438 592 3487 25
610 3435 768 3501 linguarum
790 3436 886 3501 (supra
903 3449 1014 3485 cererem:
1037 3431 1050 3483 l
1066 3432 1145 3483 litte·
1191 3427 1192 3468 1

172 3500 276 3566 rorum)
295 3517 316 3554 s.
386 3504 420 3554 28
439 3501 565 3554 obnoxiis
584 3501 704 3573 ellipse
720 3504 741 3554 f,

1191 3842 1192 3870 l
