2426 4002
24 224 26 310 l
364 236 459 292 ruse,
477 235 627 287 neruum.
647 233 673 298 1,
693 237 735 287 oo.
992 235 1033 299 41

75 406 245 485 tiplieatioue
267 405 427 486 subripuit;
451 405 500 467 ille
519 424 606 475 vero,
630 413 662 465 ut
676 405 700 464 si
716 405 890 468 naturaliter
905 399 1043 485 quaden‘r
1056 447 1129 487 ,qa
1143 449 1156 472 a

73 494 228 554 necessaria
250 498 335 571 parte
357 492 488 552 detracta
510 491 673 552 autminus
688 489 773 550 oculo
789 500 977 563 nasceretur,
999 501 1033 554 ut
1058 481 1067 494 “
1103 486 1111 500 ”

25 545 29 640 l
74 577 225 656 Cyclopeae
255 577 361 638 frontis
391 577 520 638 dedecus
549 576 617 646 fuit,
648 573 694 636 rel
723 593 782 654 quo
812 575 870 637 alio
900 584 1032 639 curtatus

24 655 26 738 ζ
72 662 197 724 membro
219 661 354 722 naturale
369 663 459 722 totius
474 679 544 723 suae
559 659 751 740 plenitudinis
764 660 951 738 dispendium
967 680 1041 728 sor,

24 743 28 796 l
72 748 176 810 tiretur.
1044 765 1057 806 e

24 825 26 901 l
124 832 204 894 lnter
233 830 288 892 hos
312 841 413 899 autem
439 829 519 891 velut
544 831 621 892 iuter
643 829 812 908 inaequales
830 823 1055 911 intemperati-‘t
1087 863 1108 920 p,
1126 864 1186 912 gn,

25 925 27 999 ᾗ
72 917 117 976 tias
135 917 227 978 medii
248 924 519 995 temperamentum
541 914 643 978 limitis
664 917 786 976 sortitus
804 922 848 975 est
862 914 911 976 ille
927 933 1030 977 nume·
1082 983 1085 996 ,

24 1000 26 1066 l
71 1018 127 1070 rus,
148 1003 200 1081 qui
215 1001 366 1080 persuetus
383 1000 503 1070 dicitur,
526 1001 639 1060 virtutis
655 999 767 1060 scilieet
782 999 959 1068 aemulator,
983 1002 1032 1079 qui

24 1097 26 1160 ἦ
72 1102 118 1145 nec
143 1103 328 1166 supervacua
355 1086 565 1164 progressione
593 1086 769 1164 porrigitur,
797 1102 854 1146 nec
879 1091 1031 1147 contracta

25 1167 26 1190 l
71 1186 162 1231 rursus
187 1171 388 1232 deminutione
417 1171 590 1238 remittitur,
621 1169 672 1230 sed
703 1169 868 1230 medietatis
896 1170 1069 1232 obtinensro

70 1257 220 1316 terminum
242 1257 304 1316 suis
325 1273 436 1334 aequus
458 1253 592 1336 partibus
608 1271 662 1313 nee
679 1261 826 1315 crassatur
842 1254 1030 1326 abundantia,

70 1357 117 1398 nec
138 1348 206 1418 eget
227 1340 339 1420 inopia,
362 1347 395 1400 ut
416 1340 471 1401 ·Vl·
493 1339 538 1401 vel
562 1337 697 1400 ·XXVlll·
742 1339 876 1419 Namque
896 1343 1031 1402 senarius

69 1422 148 1486 habet
172 1433 292 1505 partem
318 1425 460 1495 mediam,
491 1425 520 1484 id
547 1433 591 1484 est
614 1422 688 1493 ·lll·,
717 1432 747 1484 et
772 1426 904 1494 tertiam,
932 1427 959 1487 id
988 1435 1032 1486 est

70 1509 108 1568 ·ll·
138 1519 166 1571 et
198 1517 328 1582 sextam,
359 1509 387 1570 id
415 1518 460 1569 est
491 1509 521 1569 ·l·
548 1527 623 1589 quae
652 1511 682 1568 in
712 1526 802 1570 unam
832 1527 976 1571 summam
1007 1512 1030 1570 si

68 1593 198 1656 redactae
220 1596 279 1654 sint
299 1613 353 1674 par
374 1603 468 1654 totum
490 1595 607 1655 numeri
629 1611 737 1674 corpus
752 1595 812 1655 suis
827 1594 962 1673 partibus
985 1597 1029 1654 in·
1044 1613 1069 1666 re

70 1681 176 1740 venitur
202 1677 338 1740 ·XXVlll·
362 1696 433 1738 vero
455 1677 545 1740 hahet
565 1677 751 1740 medietatem
770 1678 867 1739 ·Xllll·
891 1687 921 1740 et
941 1681 1043 1761 septi-'

68 1779 135 1824 mam
159 1763 235 1825 ·llll·
259 1781 313 1825 nec
330 1771 413 1824 earet
430 1772 547 1843 quarta,
569 1764 599 1824 id
622 1770 665 1824 est
682 1763 768 1832 ·Vll·,
787 1764 921 1844 possidet
942 1781 1030 1841 quar-

67 1856 118 1907 tem
140 1849 288 1910 decimam
311 1848 356 1909 ·ll·
379 1855 409 1910 et
427 1851 581 1929 repperies
602 1849 632 1907 in
654 1866 688 1908 eo
710 1849 877 1910 vicesimam
899 1858 1030 1910 octavam

69 1931 110 2001 ·l·,
132 1952 209 2013 quae
229 1934 259 1993 in
275 1951 369 1994 unum
384 1933 523 1994 redactae
539 1941 632 1994 totum
648 1933 782 2012 partibus
797 1951 906 2014 corpus
922 1953 1028 2014 aequa-

66 2015 140 2078 bunt.
191 2017 329 2080 ·XXVlll·
347 2019 424 2079 enim
441 2019 825 2098 iunctaepartesellieient.
1041 2035 1068 2075 oo
1103 2035 1105 2042 ·

283 2209 327 2265 De
341 2212 529 2298 qenerotione
544 2212 656 2266 numeri
667 2209 804 2282 perfecti.

119 2355 184 2418 XX.
220 2357 273 2418 Est
294 2365 391 2418 eutem
410 2358 442 2417 in
463 2357 509 2417 his
530 2373 647 2435 quoque
669 2374 775 2436 magna
797 2355 956 2417 similitudo
971 2357 1028 2418 vir·

65 2442 127 2501 tutis
148 2450 177 2502 et
200 2442 269 2502 vitii.
315 2441 465 2504 Perfectos
481 2443 559 2502 enim
575 2459 717 2503 numeros
739 2449 875 2502 rarenter
889 2442 1027 2512 invenies,

65 2544 169 2605 eosque
185 2525 272 2588 facile
287 2525 503 2598 numerabiles,
526 2528 635 2607 quippe
657 2529 706 2606 qui
721 2528 808 2607 pauci
823 2527 882 2587 siut
897 2534 925 2588 et
940 2529 1028 2589 nimis

65 2614 205 2674 constanti
220 2611 324 2673 ordine
340 2614 497 2692 procreati.
543 2612 579 2672 lt
600 2629 670 2672 vero
693 2611 860 2693 superfluos
881 2631 915 2673 ac
936 2613 1026 2674 demi·
1041 2627 1066 2668 25

125 2834 138 2881 1
160 2833 251 2882 siem.
272 2847 294 2882 c.
360 2833 376 2881 2
395 2835 588 2896 nascerentur,
607 2835 689 2882 altero
708 2848 726 2881 n
743 2833 860 2894 inducto,
881 2847 910 2894 e.;
929 2848 1027 2882 nasce-

64 2903 166 2964 rentur,
196 2902 280 2950 altero
303 2915 321 2949 n
343 2915 438 2950 rasura
461 2902 558 2962 deleto,
582 2900 611 2962 ὰς
641 2903 803 2964 noscerent,
834 2905 916 2951 altero
939 2916 957 2950 n
980 2917 1027 2951 eec-

63 2976 157 3031 puncto,
177 2985 200 3022 r.
255 2971 270 3019 3
288 2967 412 3032 eicoplee
431 2967 450 3019 f.
473 2964 485 3034 ss
510 2969 575 3020 Post
591 2967 709 3018 dedecus
727 2968 744 3018 d
761 2969 851 3018 labet:
870 2968 1026 3019 deformati.

64 3051 160 3102 lsuae
178 3052 227 3108 om,
246 3052 267 3106 f.
337 3055 353 3104 6
372 3053 504 3117 aequales
523 3069 554 3116 a,
578 3053 610 3116 b,
634 3053 654 3104 f.
723 3053 739 3102 8
761 3052 895 3105 emulator
914 3054 938 3118 f,
957 3070 985 3119 r,
1004 3070 1025 3108 s.

63 3119 87 3167 ll
106 3121 206 3184 aequis
225 3135 256 3187 a,
276 3119 307 3184 b,
329 3135 356 3179 c,
374 3136 397 3174 r,
426 3116 438 3186 Η
467 3124 661 3186 grassatura,
681 3120 712 3182 b,
732 3135 761 3185 e,
780 3121 810 3184 d,
830 3136 852 3171 r.
921 3123 1026 3173 habun-

63 3183 154 3240 dantia
173 3205 197 3251 e,
218 3188 244 3252 d,
263 3189 283 3240 f,
337 3190 369 3239 13
387 3188 506 3240 mediam
523 3189 663 3255 partomi.
716 3189 748 3238 14
766 3186 880 3255 duof.l
909 3191 1026 3246 unumf.

36 3255 89 3303 ,15
104 3256 273 3330 redactulr,
297 3255 406 3306 redacti
425 3271 448 3306 c.
477 3253 489 3324 ll
517 3271 567 3323 per
586 3273 615 3320 a,
634 3272 661 3321 r,
680 3271 702 3310 s.
730 3253 742 3322 ss
773 3264 835 3322 poet
855 3259 982 3322 pertibus
999 3261 1027 3308 in

61 3325 169 3438 riarpine
192 3324 320 3388 aequalis
349 3339 374 3377 e.
454 3326 486 3375 16
512 3323 691 3394 medietatam
719 3328 748 3374 et
774 3325 924 3390 septimam
954 3327 1025 3378 ΙΙΙΠ·

61 3389 716 3526 ,Illi„ll‘llltlllltllll‘tll
731 3388 859 3525 ltttf'
873 3409 896 3527 l·
928 3396 1026 3526 ,tr-,u

62 3539 101 3578 om.
117 3543 143 3580 c.
215 3530 249 3580 20
266 3526 393 3579 efficiunt
409 3544 433 3579 s.
503 3531 535 3579 21
557 3529 654 3580 Titulus
671 3530 698 3579 in
714 3528 828 3593 morqine
844 3530 939 3594 legitur
955 3530 982 3578 in
999 3527 1024 3577 d.

61 3592 234 3648 tolleranter
252 3603 394 3647 correctum
412 3599 438 3646 in
455 3601 581 3648 rarenter
599 3611 623 3648 e..
694 3598 728 3646 24
746 3600 818 3656 aunt,
829 3594 851 3653 f,
870 3610 895 3656 r,
910 3610 938 3644 s.
