2426 4002
232 283 328 337 msr.
348 283 503 334 antrum.
521 283 550 345 1,
569 253 787 333 rnlnrnrro.
974 281 995 346 5
1183 230 1191 301 l

42 459 166 520 brevitate
188 455 298 532 collegi
319 463 348 516 et
369 472 444 533 quae
459 461 630 515 transcursa
645 453 776 514 velocius
793 455 994 530 angustiorem

1 555 2 630 p
41 543 242 622 intellegentiae
264 540 454 618 praestabant
474 538 587 601 aditum
609 538 751 600 mediocri
764 539 930 601 adiectione
945 560 994 602 re-

1 651 3 698 t
42 629 133 698 seravi,
148 625 352 706 utaliquando
365 624 401 686 ad
412 624 588 686 evidentiam
601 641 701 684 rerum
714 626 823 686 nostris
835 627 922 685 etiam
935 626 994 686 lor-

39 715 113 774 mulis
133 730 166 773 ac
189 711 440 790 descriptionibus
461 719 624 771 uteremur.
662 705 747 776 Quod
769 708 855 770 nohis
877 713 995 789 quantis

1 850 2 876 ,
39 799 128 876 vigiliis
142 815 176 857 ac
188 795 298 858 sudore
312 796 490 866 constiterit,
507 794 593 856 facile
606 792 724 855 sobrius
736 793 831 854 lector
844 805 1022 873 agnoscet's

41 883 98 944 Cum
113 883 201 962 igitur
218 887 358 961 quattuor
375 880 542 942 matheseos
558 878 779 957 disciplinarum
802 879 838 940 de
854 879 995 942 arithme-

38 969 96 1036 tica,
118 986 193 1047 quae
210 973 255 1028 est
269 967 381 1043 prima,
398 964 634 1044 perscriberem,
657 972 689 1025 tu
705 972 820 1025 tantum
836 964 944 1043 diguus
959 986 994 1027 eo

38 1071 145 1114 nunere
160 1051 318 1120 videbare,
342 1069 436 1130 eoque
452 1052 546 1128 magis
561 1051 692 1110 inerrato
708 1067 784 1129 opus
799 1066 864 1110 esse
879 1049 994 1111 intelle-

37 1138 137 1215 gebam.
178 1137 254 1198 Nam
275 1137 329 1197 etsi
345 1136 422 1215 apud
438 1143 468 1196 te
484 1135 577 1196 facilis
597 1136 701 1196 veniae
721 1135 806 1195 locus
823 1143 915 1204 esset,
943 1136 995 1196 ali·

37 1223 141 1300 quando
157 1231 259 1282 tamen
274 1222 368 1300 ipsam
385 1219 564 1280 formidabat
579 1219 748 1281 facilitatem
761 1229 897 1298 suspecta
909 1237 994 1282 secu·
1008 1235 1034 1274 10

35 1309 102 1368 ritas.
139 1304 316 1368 Arbitrahar
343 1307 420 1366 enim
442 1305 515 1366 nihil
538 1313 636 1366 tantae
657 1306 840 1366 reverentiae
863 1305 994 1366 oblatum

1 1459 2 1464 η
34 1393 63 1452 iri
86 1401 239 1472 oportere,
268 1390 348 1470 quod
375 1409 436 1451 uon
457 1389 640 1452 elaboratum
662 1392 800 1469 iugenio,
827 1390 995 1469 perlectum

1 1499 2 1510 ¹
35 1477 134 1549 studio,
151 1477 275 1555 dignum
291 1484 442 1556 postremo
457 1482 540 1536 tanto
556 1478 616 1536 otio
632 1476 790 1537 videretur.
823 1475 890 1536 Non
905 1477 996 1555 igitur

1 1553 2 1622 7
35 1562 155 1640 ambigo,
173 1563 245 1640 quin
261 1579 317 1640 pro
334 1571 383 1622 tua
394 1563 424 1621 in
437 1580 484 1622 me
497 1560 702 1623 benevolentia
714 1579 897 1640 supervacua
912 1579 995 1623 rese·

1 1661 3 1710 t
34 1666 86 1717 ces,
101 1648 215 1708 hiantia
229 1647 380 1725 suppleas,
399 1653 496 1707 errata
507 1645 726 1724 reprehendas,
744 1646 900 1706 commode
915 1645 1032 1706 dicta15

1 1744 2 1766 ³
32 1735 94 1793 mira
116 1733 208 1793 animi
229 1731 380 1792 alacritate
396 1732 548 1810 suscipias.
587 1731 669 1802 Quae
691 1748 741 1792 res
756 1729 864 1808 inpulit
878 1732 994 1809 pigram

32 1817 135 1878 consilii
150 1834 278 1878 moram.
309 1817 421 1878 Nimius
437 1819 515 1876 enim
527 1815 603 1878 mihi
619 1817 733 1877 fructus
749 1815 893 1894 placitura
909 1818 996 1878 resti-

31 1909 111 1966 tuent.
149 1903 226 1963 Novi
241 1903 366 1980 quippe,
390 1909 500 1981 quanto
516 1901 677 1962 studiosius
693 1911 794 1962 nostra
811 1919 899 1981 qnam
916 1911 994 1962 cete-

30 2005 122 2049 rorum
144 1986 224 2047 hona
247 1984 413 2065 diligamus.
452 1986 544 2048 Recte
560 2004 646 2064 orgo,
669 1988 751 2066 quasi
768 2004 876 2048 aureos
892 1985 995 2047 Cereri

30 2072 133 2134 culmos
155 2078 185 2132 et
206 2077 339 2132 maturos
355 2071 472 2132 Baccho
487 2069 639 2150 palmites,
656 2073 698 2134 sic
713 2071 750 2132 ad
766 2079 795 2132 te
811 2073 879 2132 novi
895 2073 995 2150 operis
1009 2084 1035 2125 20

29 2158 191 2218 rudimenta
210 2157 369 2218 transmisi.
406 2157 451 2218 Tu
473 2164 586 2218 tanturn
603 2160 726 2236 paterna
742 2158 836 2234 gratia
858 2164 994 2217 nostrum

29 2244 167 2318 provehas
188 2259 309 2303 munus.
341 2242 385 2303 lta
402 2249 431 2302 et
445 2241 556 2302 laboris
580 2243 638 2303 mei
659 2243 802 2321 primitias
827 2241 996 2301 doctissimo

28 2329 127 2389 iudicio
145 2327 340 2388 consecrabis
352 2333 380 2387 et
391 2345 452 2388 nou
464 2328 576 2387 maiore
589 2327 760 2388 censebitur
772 2332 876 2386 auctor
887 2325 995 2386 merito

33 2431 109 2489 qnam
125 2411 283 2493 probator.

300 2580 433 2644 Incipiunt
444 2583 558 2644 capitata
570 2580 629 2631 libri
640 2582 723 2646 primi.

118 2707 139 2762 l.
173 2705 346 2768 Praemium,
365 2705 393 2760 in
410 2719 464 2777 quo
480 2703 575 2759 divisio
591 2704 801 2760 mathematicae.

103 2791 137 2847 ll.
176 2791 213 2846 lle
228 2788 381 2846 substantia
396 2790 511 2844 numeri.

2 2989 3 3009 t
81 2958 166 3008 1-3
184 2971 257 3020 quae
277 2995 283 3008 .
301 2989 327 3004 ..
347 2956 471 3006 reseravi
489 2970 513 3004 c.
532 2955 560 3005 iu
577 2958 690 3020 margine
709 2972 744 3006 ear
762 2971 830 3006 corr.
885 2957 899 3004 1
917 2956 995 3007 velo-

2 3035 3 3048 *
28 3024 66 3073 riis
85 3041 114 3079 a.
189 3026 207 3075 3
225 3022 369 3088 aliquanto
390 3038 413 3072 c.
483 3023 499 3072 6
518 3021 587 3072 Cum
605 3024 690 3091 igitur
777 3023 993 3074 arithmeticas.

1 3081 59 3154 llis.
76 3091 89 3159 ΙΙ
114 3091 204 3144 -ῙΙΠ’
223 3107 247 3142 c.
305 3092 408 3156 'lquaa
428 3094 471 3142 est
488 3091 577 3156 prima
595 3108 641 3144 om.
660 3108 684 3142 c·
742 3093 902 3143 9Nametsi
921 3089 995 3157 (pun-

32 3167 53 3210 to
73 3163 122 3212 sah
148 3160 175 3211 N
194 3161 327 3225 positoet
350 3161 373 3210 Τ
395 3174 477 3224 supra
498 3160 612 3226 scripto)
639 3177 669 3224 a,
698 3162 822 3211 Tametsi
842 3161 862 3215 f.
898 3157 910 3228 ΙΙ
944 3159 995 3210 ali-

25 3225 597 3349 llllialtd'sltf'l’l⁸tsntl⁰rll⁵¹¹m
615 3225 994 3363 lllsllssldlhllmil'

307 3332 314 3357 a
355 3333 362 3346 ·
541 3330 547 3346 ·
862 3333 870 3359 r
907 3333 913 3346 ·
985 3322 995 3332 '

24 3376 102 3422 premo
123 3366 146 3417 f.
214 3366 248 3415 -16
270 3365 344 3414 mira
361 3379 408 3414 um.
432 3379 456 3416 c.
476 3380 503 3426 ες
532 3381 614 3430 supra
630 3381 729 3416 versum
746 3366 825 3416 litura
842 3367 949 3417 deletum
969 3363 996 3427 d,

25 3438 181 3486 tta-rectione
200 3433 316 3484 additum
333 3431 353 3486 l.
423 3433 456 3483 20
474 3435 503 3482 et
520 3449 567 3487 om.
587 3448 617 3493 c,
636 3450 658 3483 r.
727 3435 760 3484 23
783 3433 888 3484 minore
912 3432 944 3495 b,
972 3445 995 3479 o.

24 3499 44 3548 li
58 3503 193 3570 Explicit
217 3499 351 3567 prologus
372 3501 402 3551 iu
423 3499 495 3551 libro
513 3501 614 3552 Boetii.
634 3517 658 3552 a.
727 3501 869 3567 Incipiunt
888 3516 935 3551 om.
954 3499 994 3560 rll

24 3563 73 3640 ibri
90 3573 106 3622 I
126 3589 164 3635 a,
185 3586 210 3622 c.
235 3569 270 3620 de
291 3568 364 3619 libro
382 3569 470 3634 primo
488 3568 508 3619 f.
526 3565 538 3635 ΙΙ
554 3569 753 3634 Inscitprtonem
775 3585 822 3619 om.
841 3570 868 3630 b,
889 3567 915 3629 d,
934 3566 954 3627 l,
973 3577 995 3614 a.

24 3638 43 3685 a
59 3639 291 3692 mathematicae
310 3653 356 3688 om.
375 3653 401 3690 a.
