2426 4002
185 120 205 183 2
457 119 638 172 NOTARUM
655 119 888 173 EXPLIOATIO.

187 293 244 341 f=
259 291 345 342 codex
357 290 536 341 Monacensis
549 291 633 342 18480
652 286 799 356 (Tegerns.
812 290 875 356 480)
894 305 968 346 saec.
982 292 1031 344 XI.
1051 298 1080 344 et
1098 296 1160 359 pul·

258 377 392 428 cherrime
416 377 537 441 scriptus
562 379 591 425 et
615 374 837 440 diligentissime.
877 375 959 426 Multi
988 382 1083 429 tamen
1106 379 1162 430 loci

261 465 368 512 tantum
382 477 399 512 a
415 462 583 526 reliquorum
602 459 727 512 codicum
747 473 883 510 consensu
896 461 1044 528 recedunt,
1063 467 1162 515 utnon

255 562 323 598 vere
345 548 439 598 Boetii
463 547 550 598 verba
572 545 622 596 sed
639 545 786 611 scriptoris
808 560 864 595 non
887 541 1013 610 imperiti
1034 548 1162 613 cogitata

255 633 370 699 prodere
389 631 546 683 videantur.
581 631 702 682 Maxime
721 629 820 680 similis
838 635 881 681 est
900 631 991 683 codici
1009 632 1035 683 d.

188 718 243 766 l=
258 719 345 769 codex
367 717 547 768 Monacensis
570 716 653 766 14601
677 713 795 779 (Retisb.
814 716 901 766 Emm.
924 717 962 780 F,
981 715 1059 779 CIV)
1084 733 1162 770 saec.

256 804 320 854 XII.
357 802 447 853 Huius
467 801 572 852 codicis
589 800 619 850 iu
636 799 709 851 libro
731 801 823 865 priore
848 805 928 851 tante
946 805 989 852 est
1008 801 1163 854 similitudo

257 903 318 938 cum
337 887 367 953 d,
387 893 418 938 ut
436 887 592 952 descriptus
610 900 645 936 ex
663 900 696 936 eo
708 885 796 950 possit
808 885 910 950 videri,
931 887 1033 952 quippe
1047 889 1096 951 qui
1114 890 1163 940 vel

256 974 285 1022 in
310 975 468 1022 contextum
490 971 644 1036 receperit,
667 985 738 1036 quae
761 970 792 1019 in
815 969 833 1020 d
855 975 985 1022 correcta
1008 975 1102 1034 erant;
1133 973 1164 1023 in

257 1056 345 1108 altero
363 1060 458 1108 temen
474 1055 547 1106 libro
565 1055 652 1108 multo
671 1054 789 1106 similior
808 1059 850 1106 est
869 1055 958 1106 codici
976 1056 1004 1106 b.

188 1159 244 1192 r=
257 1141 343 1193 codex
361 1141 538 1192 Monacensis
555 1142 623 1192 3517
643 1139 723 1206 (Aug.
743 1140 797 1193 civ.
818 1139 861 1202 17)
886 1156 960 1191 saec.
978 1141 1100 1192 IX—X.
1120 1145 1166 1193 ni·

256 1226 315 1277 tide
342 1227 471 1291 scriptus.
514 1226 605 1276 Maior
632 1230 724 1276 eutem
754 1223 948 1274 arithmeticae
979 1227 1103 1291 cognitio
1135 1231 1165 1278 in

258 1312 391 1376 scriptore
411 1316 472 1360 erat
490 1324 572 1373 quam
590 1309 740 1374 diligentie
757 1308 787 1358 in
804 1308 909 1358 litteris
926 1309 1089 1375 pingendis,
1109 1314 1166 1363 nisi

259 1398 331 1447 forte
350 1395 423 1446 alius
442 1409 573 1445 recenter
592 1394 665 1444 alius
683 1394 777 1444 scribe
796 1393 887 1458 operis
906 1394 968 1444 fuit.
998 1394 1094 1446 Codex
1106 1414 1165 1450 non

257 1481 344 1532 multo
370 1484 433 1546 post
451 1495 533 1546 quam
553 1483 614 1529 eret
632 1479 752 1548 scriptus
775 1482 945 1528 retractatus
967 1483 996 1530 et
1018 1487 1166 1533 correctus

257 1567 459 1619 videturesse.
496 1562 600 1614 Similis
619 1567 662 1614 est
679 1564 770 1615 codici
793 1579 808 1612 c
834 1567 862 1612 et
881 1579 916 1613 ex
932 1569 1012 1628 parte
1031 1566 1119 1616 etiam
1134 1585 1165 1618 a·

258 1651 347 1702 Tituli
366 1651 488 1717 capitum
505 1648 572 1698 libri
591 1649 706 1699 secundi
718 1647 823 1700 similes
839 1653 904 1698 sunt
916 1647 1007 1698 titulis
1021 1645 1129 1702 codicis
1144 1654 1166 1706 f.

258 1734 406 1786 Nonnullis
424 1733 494 1784 locis
511 1732 702 1784 additamenta
720 1734 750 1782 in
768 1748 800 1783 eo
819 1737 884 1783 sunt
902 1734 1049 1800 superflua.

215 1839 250 1866 =
264 1818 350 1871 codex
362 1819 541 1869 Monacensis
560 1818 628 1869 6405
641 1817 713 1880 (cod.
726 1818 796 1871 Fris.
809 1819 870 1881 205)
889 1835 910 1869 s.
925 1818 974 1868 XI,
993 1817 1167 1874 nitidissime

260 1904 389 1970 scriptus.
426 1901 534 1955 Ultimu
551 1905 647 1954 tamen
666 1901 735 1953 folia
752 1907 780 1954 et
802 1904 904 1953 vermis
929 1909 957 1954 ct
983 1917 1049 1953 usus
1068 1905 1169 1972 aliqua
1195 1861 1196 1941 l

260 2007 293 2041 ex
311 1994 390 2053 parte
409 1989 502 2039 laesit.
534 1986 624 2038 Multa
642 2002 713 2053 quae
726 1987 809 2039 rubro
823 1988 914 2040 colore
928 1988 1069 2055 descripta
1083 1998 1170 2042 erant

258 2074 305 2128 vel
323 2073 473 2141 pallidiora
493 2074 572 2124 facta
590 2077 655 2124 sunt
672 2071 718 2123 vel
736 2077 917 2125 evanuerunt.
947 2073 1068 2124 Maxime
1087 2077 1167 2126 simi-

258 2161 294 2212 lis
317 2164 360 2212 est
383 2158 472 2210 codici
496 2176 513 2209 a
535 2173 587 2224 uec
612 2162 707 2208 tamen
731 2156 876 2210 admodum
900 2159 1009 2210 similis.
1050 2159 1170 2226 Aliquot
1194 2115 1195 2193 l

258 2247 330 2298 locis
348 2245 528 2298 inveniuntur
546 2258 619 2308 quae
637 2243 673 2295 de'
690 2257 739 2294 suo
759 2244 821 2306 quis
839 2244 955 2297 addidit.

191 2333 469 2396 F=Fregmentum,
497 2328 570 2395 quod
597 2345 632 2380 ex
660 2328 756 2380 codice
782 2329 890 2379 saeculi
916 2328 1053 2380 undecimi
1078 2327 1171 2381 edidit

260 2413 378 2465 Carolus
395 2414 562 2466 Fredericus
580 2414 682 2466 Weber
701 2411 836 2464 cassellis
854 2412 1094 2464 MDCCCXLVII.
1193 2411 1194 2442 ³

242 2501 305 2550 Duo
334 2498 458 2550 codicum
486 2515 590 2566 genera
618 2503 650 2549 ut
673 2499 816 2550 discernas
842 2497 941 2548 adduci
964 2501 1042 2562 potes
1068 2499 1168 2562 capite

195 2589 293 2651 quarto
312 2583 379 2634 libri
395 2584 510 2649 prioris,
529 2585 577 2634 ubi
596 2584 677 2634 alteri
691 2583 801 2635 codices
816 2582 858 2646 (a,
871 2580 900 2645 b)
915 2579 1104 2630 definitionem
1124 2585 1170 2634 in-

194 2671 271 2737 paris
290 2669 399 2719 numeri
416 2671 445 2718 in
463 2668 553 2720 medic
573 2670 676 2734 capite,
696 2667 779 2718 alteri
798 2666 836 2732 (c,
856 2665 880 2723 d,
899 2665 919 2728 f,
938 2664 956 2726 l,
976 2680 999 2728 r,
1018 2663 1043 2728 s)
1062 2664 1091 2715 in
1110 2667 1170 2721 fine
1192 2615 1193 2699 l

194 2755 308 2808 habent.
344 2752 476 2805 Meliores
494 2754 632 2805 lectiones
651 2753 775 2819 repperis
798 2751 945 2800 maximam
963 2753 1072 2814 partem
1090 2750 1121 2800 in
1143 2771 1171 2820 e,

194 2840 226 2904 d,
244 2839 270 2902 i,
289 2838 313 2903 l;
334 2839 383 2891 sed
402 2839 504 2890 adsunt
521 2838 657 2904 vestigia,
676 2852 749 2902 quae
766 2835 818 2886 hos
836 2832 934 2884 saltem
954 2833 1075 2898 codices,
1096 2852 1171 2902 quos
1191 2907 1192 2910 Ἴ

196 2939 248 2988 egc
267 2925 371 2975 contuli
391 2929 419 2976 et
438 2940 522 2991 supra
541 2923 690 2990 descripsi,
714 2937 748 2972 ex
765 2936 819 2971 uno
839 2918 988 2983 eodemque
1008 2917 1085 2969 fonte
1104 2937 1171 2974 rna-
1191 2925 1192 2953 1

193 3023 278 3059 nasse
297 3009 447 3062 verisimile
466 3009 592 3062 reddant.

579 3263 779 3273 .........—---
