2426 4002
331 147 426 201 INST.
445 147 597 198 ARITHM.
615 149 642 210 Ι,
661 150 702 198 21.
961 143 1004 208 45

23 313 211 448 {multiplice
229 317 343 379 eadem
364 316 435 378 mihi
456 318 554 378 unitas
573 325 758 396 procreatur.
804 315 903 377 Semel
925 317 1002 376 enim

23 407 72 508 11
87 405 176 467 selam
192 403 282 464 elficit
298 403 456 471 unitatem,
483 419 558 480 quae
573 400 707 480 partibus
726 403 787 462 suis
808 399 937 480 aequalis
960 410 1004 462 est

23 519 24 526 ι
23 453 162 570 lpotentia
183 485 295 556 solum,
317 489 427 548 ceteris
447 487 535 548 etiam
556 493 622 548 aete
645 493 733 564 atque
749 505 840 567 opere
853 491 1002 568 perfectis.

49 575 124 636 lieete
143 574 236 650 igitur
258 573 356 633 unitas
376 573 497 652 propria
519 571 623 632 virtute
645 571 777 650 perlecta
799 580 857 643 est,
879 574 959 654 quud
975 583 1005 636 et

49 663 129 738 prima
144 666 189 719 est
205 665 234 718 et
250 657 445 736 incomposita
460 663 489 716 et
503 674 557 736 per
573 674 604 716 se
621 658 714 736 ipsam
732 657 923 737 multiplicata
939 667 1029 720 sese⁵

49 748 126 824 ipsam
142 750 308 804 conservat.

99 829 154 890 Sed
171 827 314 906 quoniam
330 825 367 887 de
383 844 417 886 ea
432 827 609 902 quantitate,
627 842 702 904 quae
717 844 771 905 per
788 845 820 888 se
833 828 873 898 tit,
892 827 1002 890 dietum

23 975 24 978 ,
49 921 96 981 ιιι,
111 915 210 994 operis
225 912 410 991 sequentiam
425 909 463 972 ad
478 909 572 980 illam,
594 926 670 989 quae
684 911 815 973 refertur
831 911 867 974 ad
883 911 1002 992 aliquid,

48 999 257 1060 transferamus.

257 1187 302 1243 De
317 1187 412 1242 relatu
428 1185 468 1240 ad
481 1187 593 1258 aliquid
605 1189 773 1258 quantitate.
1018 1208 1042 1247 m

23 1329 25 1352 '
98 1337 170 1400 XXI.
212 1335 263 1398 tu
278 1335 386 1414 aliquid
404 1333 542 1434 [relatae]
559 1351 629 1396 vero
649 1337 820 1415 quantitatis
835 1335 944 1416 duplex
960 1345 1005 1398 est

49 1424 132 1500 prima
147 1421 261 1484 divisio.
307 1421 402 1484 Omne
417 1421 495 1482 enim
512 1429 562 1481 ant
577 1419 699 1498 aequale
715 1427 760 1482 est
775 1428 825 1482 aut
839 1421 1005 1521 inaequale,
1069 1487 1073 1500 ¹

23 1441 174 1586 lquiequid
190 1505 313 1568 alterius
329 1506 548 1585 comparatione
563 1506 711 1566 metimur.
749 1505 786 1566 Et
801 1505 924 1583 aequale
941 1508 1005 1584 qui·

46 1591 104 1652 dem
112 1599 164 1662 est,
174 1589 255 1668 quod
270 1590 307 1650 ad
318 1589 427 1688 aliquid
439 1598 642 1670 comparatum
651 1607 748 1668 neque
760 1591 875 1650 minure
889 1609 1004 1651 summa

23 1631 111 1736 linire
133 1684 192 1746 est,
214 1693 314 1754 neque
329 1677 441 1736 maiore
456 1675 689 1754 transgreditur,
711 1681 744 1735 ut
759 1675 897 1736 denarius
913 1675 1002 1736 dena·
1018 1695 1043 1735 ιι
1102 1741 1106 1754 ,

23 1761 82 1822 riu
104 1761 148 1822 vel
169 1761 319 1822 ternarius
340 1760 470 1820 ternario
486 1759 532 1820 vel
547 1758 680 1820 cubitum
696 1759 794 1820 euhito
809 1759 855 1822 vel
870 1779 922 1840 pes
937 1760 1014 1842 pedi

23 1831 27 1910 1
47 1853 70 1904 ιι
83 1846 127 1906 his
143 1843 260 1905 similia
306 1845 386 1906 Haee
406 1852 504 1906 autem
524 1863 596 1924 pars
610 1844 719 1905 relatae
735 1845 772 1906 ad
787 1844 896 1924 aliquid
913 1863 1004 1925 quan·

23 1927 142 2002 titatis,
167 1929 264 1990 idt
218 1939 264 1991 est
279 1928 452 2007 aequalitas,
475 1928 646 1990 naturaliter
663 1931 786 1990 indivisa
802 1939 856 1991 est.
901 1929 1005 1992 Nullus

46 2015 114 2076 enim
128 2021 229 2095 potest
243 2013 358 2083 dicere,
376 2015 454 2093 quud
470 2013 654 2093 aequalitatis
668 2014 725 2076 hee
741 2015 861 2092 quidem
876 2015 935 2075 tale
951 2022 1004 2084 est,

45 2098 104 2159 illud
124 2118 197 2160 vero
219 2098 396 2160 huiusmodi.
442 2099 544 2160 Omnis
566 2101 644 2160 enim
660 2099 820 2178 aequalitas
834 2117 925 2160 unam
940 2117 1003 2160 ser·
1018 2117 1043 2158 ro

23 2211 26 2316 1
44 2194 81 2242 ιιι
94 2186 124 2245 in
139 2185 262 2265 propria
279 2183 482 2246 moderatione
498 2201 677 2245 mensuram.
709 2182 783 2244 lllud
800 2184 896 2253 etiam.
913 2183 1002 2260 qued,

45 2287 109 2346 quae
137 2271 167 2330 ei
187 2271 335 2348 quantitas
356 2277 560 2348 eomparatur,
589 2286 650 2328 nun
671 2267 729 2328 alio
753 2266 896 2328 voeabula
918 2275 1006 2348 atque

45 2353 109 2451 ipsa,
142 2355 193 2415 eui
222 2363 425 2433 eomparatur,
461 2354 597 2415 edicitur.
650 2352 725 2414 Nam
755 2351 1004 2430 quemadmodum

23 2397 25 2490 l
45 2440 147 2501 amicus
162 2440 259 2500 amieo
274 2441 387 2500 amicus
404 2450 461 2508 est,
484 2439 658 2516 vicinusque
672 2438 768 2498 vicino
784 2435 942 2518 [vicinus]‚
965 2440 1005 2498 ita

45 2522 139 2584 dieitur
157 2523 288 2602 aequalis
306 2522 419 2601 aequali
436 2521 604 2603 [aequalis].
1018 2538 1045 2578 aa

23 2561 27 2656 1
97 2607 267 2686 lnaeqnalis
286 2627 357 2668 vere
379 2609 550 2686 quantitatis
565 2609 681 2686 gemina
696 2607 800 2668 divisio
817 2617 870 2668 est.
917 2609 1005 2670 Seea·

23 2677 83 2752 ιιι
105 2695 188 2754 enim
210 2693 289 2772 quod
304 2691 460 2769 inaequale
477 2695 542 2753 est
534 2711 565 2754 m
581 2694 676 2755 maius
691 2701 780 2770 atque
794 2695 907 2764 minus,
930 2711 1006 2792 quae

45 2780 187 2838 centraria
200 2777 317 2838 stlnmet
326 2778 565 2840 denomrnatrone
577 2777 749 2872 funguntur
767 2777 901 2856 Namque
911 2797 1006 2839 marus
1050 2775 1112 2836 tt*
1188 2791 1189 2800 ¹

23 2863 32 2942 1,
45 2862 152 2924 minore
175 2863 271 2924 maius
292 2871 336 2923 est
352 2871 381 2924 et
395 2865 493 2923 minus
508 2865 621 2924 meiere
636 2865 734 2924 minus
735 2835 807 2932 lest,
831 2870 860 2924 et
881 2870 1006 2942 utraque

44 2963 93 3006 non
110 2947 225 3010 eisdem
241 2947 405 3018 vocabulis,
428 2949 677 3025 quemadmodum
697 2947 860 3010 secundum
876 2947 1005 3026 aequali·
1019 2961 1044 3002 se

100 3167 261 3218 iunumf.
315 3168 460 3233 dipsas,
479 3184 505 3231 s;
523 3169 627 3234 ipsam,
645 3183 671 3218 m
690 3176 833 3233 expuncto,
852 3185 872 3222 r.
929 3169 1007 3219 dse-

23 3237 148 3311 quentia
170 3235 492 3303 s.101nseriptioai
509 3239 583 3288 addet
600 3253 626 3288 s
654 3237 809 3288 Secundum
827 3237 953 3286 thama
938 3239 1008 3288 mei-

23 3295 81 3364 quit.
155 3307 189 3356 13
207 3305 370 3367 metatura
390 3305 421 3368 b,
442 3321 470 3368 e,
489 3305 508 3357 l.
579 3307 610 3357 19
632 3306 725 3356 ducere
743 3321 779 3370 pu
780 3309 880 3366 estu
900 3321 924 3366 e,
944 3305 1007 3368 f‚s

23 3369 68 3434 1111
85 3387 160 3422 emm
180 3389 228 3424 om.
248 3387 276 3435 e,
296 3387 317 3426 r
387 3342 421 3422 21’
437 3373 513 3424 Illud
529 3389 635 3424 verer
670 3371 681 3439 11
715 3373 788 3438 quod
806 3371 892 3439 quae]
914 3373 1006 3436 quoi.

23 3435 68 3483 16
85 3442 255 3502 quantitatis
273 3456 340 3492 vero
365 3457 392 3506 e,
412 3457 434 3493 s.
508 3443 541 3492 28
559 3441 747 3507 finguntur,
717 3458 734 3490 a
767 3457 794 3502 ις
824 3441 977 3506 finguntur,
996 3441 1008 3488 i

45 3503 62 3550 lu
78 3522 95 3556 u
112 3517 224 3574 mutato,
245 3509 324 3558 d—
345 3480 414 3569 Qulze
432 3512 502 3560 urreis
519 3511 610 3560 inclusi
628 3526 674 3560 om.
693 3479 767 3560 oou’d
