2398 3968
325 133 418 186 ruso.
436 135 589 190 burrum.
606 121 634 203 ῃ
654 141 676 190 a.
696 141 721 190 4.
968 139 1007 204 13

54 307 90 365 nis
106 305 236 366 haerent.
268 305 365 367 Erunt
385 324 473 385 ergo,
497 325 637 370 numeros
658 310 756 388 prima
776 328 852 390 quae
873 312 1004 390 iungant,

53 391 82 451 ad
95 389 284 452 substantiam
306 391 425 470 quidem
447 409 523 472 quae
544 401 680 455 constent
694 411 872 476 semperque
887 414 1005 474 perma-

53 483 136 536 neant.
165 475 270 556 Neque
286 477 366 538 enim
382 495 418 537 ex
434 495 494 537 non
510 477 737 540 subsistentibus
754 481 830 541 ellici
847 483 1005 559 quicquam

52 569 135 637 potest
150 568 178 622 et
193 568 265 622 sunt
279 562 343 640 ipsa
355 560 504 624 dissimilia
521 571 550 624 et
564 565 697 642 potentia
714 565 909 643 conponendi.
926 567 1005 628 llaec
1034 597 1036 599 ·

52 653 135 706 autem
161 654 246 715 sunt,
275 645 383 724 quibus
409 665 551 708 numerus
577 655 708 716 constat,
736 667 790 728 par
812 657 901 728 atque
920 651 1032 730 inpare

53 747 115 809 quae
136 730 233 792 divina
254 731 383 810 quadarn
404 733 551 811 potentia,
574 751 641 794 cum
664 733 792 812 disparia
814 735 872 794 sint
888 745 1005 796 contra·

50 817 153 896 riaque‚
181 835 217 876 ex
243 834 302 876 una
331 825 429 878 tamen
457 819 591 893 genitura
614 818 781 898 profluunt,
814 825 843 880 et
863 821 894 880 io
916 838 1004 881 unam

51 901 281 980 compositionem
297 901 590 980 modulationemque
605 905 777 982 iunguntur.

81 1094 210 1167 Definitio
227 1099 255 1150 et
269 1096 369 1151 divisio
384 1097 500 1150 numeri
514 1100 540 1151 et
556 1096 682 1166 definitio
692 1097 782 1168 paris
798 1101 826 1151 et
840 1098 961 1168 terporis.

102 1225 147 1286 ill.
176 1225 213 1286 Et
239 1227 369 1305 primum
398 1225 470 1305 quid
496 1227 533 1286 sit
558 1243 703 1304 numerus
725 1224 927 1287 deliniendum
949 1235 1001 1288 est.
1018 1243 1042 1282 10

49 1308 181 1371 Numerus
203 1319 248 1372 est
269 1312 415 1371 unitatum
437 1309 589 1378 collectio.
618 1310 662 1370 vel
689 1312 860 1388 quantitatis
881 1329 1004 1373 acervus

49 1412 77 1454 er
90 1395 246 1456 unitatibus
268 1395 417 1474 prolusus.
447 1395 542 1456 Huius
562 1395 651 1473 igitur
673 1397 769 1474 prima
791 1395 893 1456 divisio
916 1405 959 1456 est
975 1397 1004 1457 in

48 1480 168 1558 inparem
189 1488 278 1560 atque
301 1497 414 1558 parem.
445 1480 481 1540 Et
496 1498 550 1559 par
566 1479 685 1559 quidem
701 1489 760 1551 est,
783 1481 833 1558 qui
855 1489 953 1559 potest
973 1482 1004 1540 in

41 1564 166 1641 ,aequalia
187 1565 247 1626 duo
270 1564 373 1634 dividi,
398 1582 457 1626 uno
473 1565 571 1626 medio
594 1583 654 1626 nou
675 1564 894 1634 intercedente,
918 1566 1003 1644 inpar

48 1666 118 1720 uero,
140 1668 229 1728 quern
250 1648 347 1710 nullus
368 1652 397 1710 in
419 1649 552 1728 aequalia
568 1648 671 1710 dividit
686 1669 736 1720 eo,
759 1649 836 1729 quod
859 1651 890 1710 irr
905 1649 1002 1710 medio
1017 1666 1042 1704 re

46 1735 201 1809 praedictus
223 1753 301 1796 unus
321 1735 493 1796 intercedat.
529 1734 567 1795 Et
588 1735 662 1794 haec
687 1735 806 1814 quidem
827 1735 1003 1810 3buiusmodi

47 1817 162 1880 definitio
178 1819 309 1896 vulgaris
324 1827 353 1880 et
368 1825 436 1879 nota
453 1827 508 1880 est.

60 2009 187 2082 Definitio
202 2015 318 2068 numeri
329 2014 415 2084 parts
431 2016 457 2066 et
472 2013 586 2082 inparis
601 2013 757 2068 secondom
772 2011 980 2084 Pythoporom.

96 2142 155 2202 llll.
186 2141 240 2204 llla
261 2149 360 2204 autem
382 2141 546 2203 secundom
568 2141 790 2221 pythagoricam
812 2138 1000 2218 disciplinam
1051 2165 1055 2174 ·

46 2224 99 2286 tabs
114 2235 172 2288 est:
188 2245 244 2306 par
258 2244 400 2288 uumerus
415 2233 473 2297 est,
490 2227 541 2307 qui
556 2226 611 2287 sub
628 2226 732 2286 eadem
747 2225 889 2286 divisione
904 2231 1039 2302 potestne

44 2309 67 2368 in
84 2314 209 2373 maxima
231 2313 462 2392 parvissimaque
484 2310 586 2378 dividi,
608 2312 734 2370 maxima
755 2310 865 2387 spatio,
887 2310 1001 2388 parvis·

44 2393 105 2455 sima
122 2398 283 2476 quantitate
299 2396 462 2458 secundum
480 2395 607 2456 duorum
628 2397 754 2455 istorum
769 2412 912 2474 generum
930 2412 1000 2455 corr·

43 2482 136 2544 trarias
151 2483 313 2562 passiones.
345 2482 433 2560 lnpar
453 2499 523 2542 vero
545 2497 688 2540 numerus
709 2487 768 2551 est,
793 2481 842 2541 cui
862 2479 919 2540 hoc
936 2481 1001 2557 qui·

43 2562 98 2625 dem
124 2567 262 2628 accidere
283 2584 342 2627 non
365 2572 478 2645 potest,
505 2564 557 2626 sed
581 2566 664 2626 cuius
685 2566 714 2625 in
737 2567 810 2626 duas
830 2563 1001 2641 inaequales

87 2738 99 2784 1
116 2737 192 2802 Ergo
210 2739 290 2787 erunt
306 2736 324 2786 l.
339 2733 350 2802 ll
366 2751 447 2800 sopra
463 2733 585 2786 uersanti
602 2750 678 2785 orum
695 2737 723 2785 id
739 2742 778 2786 est
789 2748 962 2784 numerorum
975 2733 1000 2790 b,

45 2813 205 2854 numerorum
223 2811 248 2854 et
265 2807 291 2854 in
303 2807 417 2869 marpioe
429 2817 557 2853 numeros
569 2819 591 2854 r.
614 2798 627 2869 ΙΙ
651 2819 702 2868 quo
715 2803 735 2852 f.
758 2799 769 2868 ll
794 2803 965 2866 coniungant
984 2801 1003 2851 f.

44 2868 54 2914 2
66 2876 189 2922 coustant
201 2887 231 2934 a,
245 2886 273 2935 c,
287 2887 308 2922 s.
346 2874 360 2922 'l
373 2876 467 2922 tamen
479 2887 513 2920 ex
525 2886 581 2920 una
594 2886 623 2932 c,
637 2871 662 2935 f,
676 2885 697 2920 s.
722 2867 733 2936 ΙΙ
754 2871 883 2935 geniture
896 2871 923 2918 in
935 2885 1002 2918 mor·

43 2937 89 2996 piae
106 2955 130 2989 a.
201 2940 434 3004 9Inscriptionem
450 2940 563 2989 secundo
580 2955 667 2988 manos
685 2940 788 2989 addidit
804 2939 831 2987 in
849 2936 866 2986 d
889 2933 901 3004 {l
925 2935 1002 2986 Defi-

45 3005 101 3056 nitio
124 3011 154 3058 et
172 3022 220 3058 om.
239 3007 260 3060 f.
284 3012 313 3058 et
329 3007 453 3058 definitio
472 3023 520 3058 om.
541 3023 569 3068 c,
587 3023 614 3071 r,
635 3023 648 3057 s
671 3003 682 3072 [Ι
706 3005 866 3056 differentia
884 3006 961 3071 peris
980 3005 1000 3058 f.

45 3071 67 3119 ll
82 3074 217 3126 Numerus
236 3077 310 3127 enim
328 3075 349 3126 f.
407 3078 439 3127 13
458 3079 501 3126 est
519 3074 628 3140 quidem
646 3073 665 3127 f.
719 3075 751 3124 14
774 3073 961 3124 intercidente
978 3073 999 3122 f.

45 3139 68 3186 li
81 3142 230 3194 intercidat
246 3144 281 3206 b,
301 3143 325 3206 f,
344 3143 369 3206 l,
389 3159 410 3194 s.
483 3145 514 3194 18
526 3143 725 3208 Inscriptiooem
743 3158 790 3194 om.
809 3141 835 3195 d.
859 3138 871 3209 ll
894 3141 1002 3191 numeri

44 3220 80 3257 om.
94 3211 119 3274 f,
133 3211 157 3274 l,
172 3226 193 3263 r.
266 3213 298 3262 21
317 3210 443 3263 dividi..
458 3247 464 3260 .
485 3213 645 3276 quantitate
658 3214 684 3260 lo
695 3213 809 3274 morpioe
827 3212 961 3274 superiore
975 3208 1000 3259 d.

54 3280 282 3345 *parvissimaque
304 3281 460 3345 quantitate
473 3281 493 3330 f.
558 3281 591 3330 22
609 3280 724 3329 istorum
737 3278 877 3329 duorums
900 3274 911 3343 ΙΙ
935 3276 1001 3326 duo·

43 3354 88 3393 mm
103 3349 224 3398 correxit
245 3351 273 3397 in
290 3347 371 3398 duum
391 3363 416 3399 a.
503 3349 536 3398 23
550 3353 577 3398 et
589 3349 623 3398 24
645 3348 822 3410 Definitioaem
838 3346 939 3410 inparis
956 3361 1001 3394 nu·

42 3415 91 3486 {reri
105 3417 132 3466 in
146 3419 200 3480 fine
219 3418 314 3481 capitis
331 3417 402 3466 buires
420 3417 546 3467 collocant
569 3430 596 3480 c,
616 3415 646 3478 d,
664 3415 689 3478 f,
703 3414 724 3477 l,
739 3430 765 3477 r,
779 3428 801 3466 s,
830 3410 842 3479 Η
875 3412 928 3462 hec
946 3412 965 3462 f.
987 3409 998 3474 Η

41 3476 98 3530 ulem
110 3483 141 3548 d,
154 3484 179 3545 1,
193 3499 216 3538 s.
269 3487 303 3534 24
315 3485 451 3536 accedere
466 3499 490 3536 a.
