2426 4002
370 127 466 181 rusb.
485 127 639 178 ARITHM.
658 129 686 187 Ι,
705 130 744 180 at.
1003 125 1046 189 49

80 316 164 360 unum
185 297 370 367 intermittit,
391 295 497 376 triplus
519 297 565 358 ·ll·
588 295 770 376 quadruplus
787 297 846 359 ·lll·
866 295 1045 380 quincuplus
1094 313 1122 362 Δ(

80 383 146 444 llll·
163 390 194 444 et
216 383 358 462 deinceps
379 382 416 443 ad
436 381 563 443 eundem
586 380 720 442 ordinem
740 383 893 461 sequeutia
910 365 969 444 est]
1008 381 1045 444 Et

80 487 176 530 omnes
191 468 312 548 quidem
326 466 408 546 dupli
422 467 586 528 secuudum
598 466 736 546 proprias
747 469 916 542 sequentias
927 471 1045 546 parium

79 570 268 614 numerorum
289 569 378 631 pares
392 561 476 620 sunt;
498 550 579 631 tripli
600 569 670 612 vero
690 567 766 612 unus
781 569 899 630 semper
915 570 968 631 par
984 561 1045 614 ter·

79 639 187 708 minus,
210 638 297 715 inpar
318 635 392 697 alius
406 637 567 705 iuvenitur3
591 634 749 713 quadrupli
764 654 833 696 vero
848 654 952 700 rursus
967 656 1042 698 sem·
1058 653 1070 692 s

79 741 127 802 per
157 740 264 802 parem
298 720 467 783 custodiunt
497 722 689 799 quantitatem
720 721 1000 800 constituunturque
1030 741 1045 782 a

80 815 181 884 quarto
203 823 331 868 numero
353 824 412 867 uno
433 824 469 866 ex
490 805 641 884 prioribus
656 823 711 884 per
726 805 861 866 ordinem
876 808 980 884 positis
995 826 1046 885 pa·

77 892 158 955 ribus
178 891 365 960 intermisso,
396 892 493 969 primo
521 892 585 969 pari
608 889 739 961 binario,
766 899 834 971 post
860 889 941 950 bunc
963 890 1046 952 ·Vlll·

78 978 246 1037 intermisso
267 977 399 1044 senario,
431 975 600 1052 posthunc
623 974 694 1036 ·Xll·
717 977 892 1036 transmisso
915 975 1045 1045 denario,

77 1070 163 1141 atque
185 1061 244 1121 boc
260 1059 339 1121 idem
355 1061 385 1120 iu
402 1060 517 1120 ceteris.
563 1059 721 1140 Quincupli
736 1078 807 1121 vero
823 1061 986 1140 propositio
1002 1077 1086 1119 ste-10

76 1145 207 1209 cundum
233 1143 359 1224 triplicis
386 1143 606 1206 similitudinem
629 1143 796 1206 alternatim
818 1145 939 1225 paribus
960 1153 1048 1225 atque

77 1230 229 1310 inparibus
243 1230 347 1308 positis
363 1229 526 1290 ordinatur.

159 1405 205 1460 De
219 1405 490 1476 superparticulari
505 1406 622 1475 eiusque
637 1405 789 1474 speciebus
804 1419 963 1477 eorumque

447 1489 690 1561 perorationibus.

23 1629 26 1712 t
139 1617 256 1680 XXllll.
302 1617 587 1696 Superparticularis
608 1637 679 1678 vero
700 1626 744 1679 est
764 1635 907 1678 uumerus
924 1618 959 1678 ad
976 1617 1047 1678 alte·
1064 1636 1088 1674 15

22 1715 24 1784 s
75 1722 143 1765 rum
165 1711 372 1781 comparatus,
404 1704 539 1782 quotiens
561 1701 651 1764 babet
675 1704 705 1762 iu
733 1721 764 1762 se
784 1710 881 1763 totum
902 1705 1048 1766 minorem

76 1797 104 1849 et
131 1791 196 1849 eius
216 1787 344 1866 aliquam
366 1796 499 1866 partem;
529 1789 626 1866 quisi
653 1789 777 1848 minoris
803 1787 911 1848 habeat
938 1787 1048 1849 medie·

72 1882 181 1944 tatem,
202 1878 325 1934 uocatur
340 1871 520 1952 sesqualter,
543 1873 568 1932 si
589 1891 660 1933 vero
675 1874 792 1934 tertiam
809 1880 941 1952 partem,
964 1891 1049 1934 voca·

20 2007 21 2010 ¹
72 1967 124 2018 tur
146 1957 369 2036 sesquitertius,
400 1959 515 2018 sivero
539 1968 688 2037 quartam,
716 1959 953 2037 sesquiquartus,
977 1965 1006 2017 et
1026 1959 1051 2018 si

75 2043 225 2122 quintam,
252 2049 374 2102 vocatur
395 2043 629 2122 sesquiquiutns;
653 2051 740 2122 atque
761 2043 808 2102 his
831 2042 999 2103 nominibus
1021 2044 1049 2102 iu
1064 2060 1089 2100 ao

75 2128 225 2187 infinitum
253 2125 351 2186 ductis
376 2127 406 2185 in
429 2127 575 2188 inlinitum
597 2145 715 2207 quoque
737 2125 1050 2205 superparticularium
1085 2122 1092 2130 ’

20 2241 21 2246 1
76 2213 172 2272 forma
189 2211 390 2289 progreditur.
424 2211 460 2271 Et
475 2214 604 2272 maiores
620 2212 741 2290 quidem
757 2213 874 2271 numeri
889 2211 947 2270 boc
962 2210 1051 2270 modo

75 2302 238 2365 vocantur,
260 2296 391 2356 minores
412 2313 496 2366 vero,
521 2298 571 2375 qui
591 2295 739 2355 habentur
761 2297 814 2355 toti
836 2301 982 2356 eteorum
1000 2293 1051 2354 ali·

76 2399 136 2460 qua
152 2397 240 2459 pars,
262 2397 340 2440 unus
356 2379 585 2459 subsesqualter‚
603 2379 677 2440 alter
692 2379 962 2459 subsesquitertius,
979 2378 1060 2440 alius.

76 2465 375 2544 subsesquiquartus,
392 2464 465 2526 alius
481 2483 550 2526 vero
566 2463 852 2545 subsesquiquintus,
869 2472 956 2544 atque
972 2465 1050 2526 idem
1060 2463 1091 2521 'as

77 2548 246 2611 secundum
267 2551 412 2610 melorum
435 2567 569 2610 normam
595 2548 872 2630 multitudinemque
899 2551 1050 2628 protendi·

77 2643 136 2694 tur.
182 2636 264 2694 Voco
286 2641 383 2696 autem
406 2637 534 2696 maiores
555 2653 697 2697 uumerus
720 2635 823 2711 duces,
850 2637 980 2697 minores
1002 2654 1051 2697 co-

148 2805 162 2852 1
182 2803 364 2866 intermittet,
385 2819 402 2853 e
415 2805 463 2852 ini
476 2812 578 2865 mutato,
597 2820 623 2858 a.
647 2802 658 2872 Η
682 2805 735 2856 dno
749 2805 769 2857 f.
792 2801 804 2872 ΙΙ
827 2810 884 2856 tres
898 2805 917 2855 f.
971 2808 986 2856 3
1005 2804 1052 2854 du·

78 2870 168 2934 plices
194 2870 214 2920 l.
249 2866 261 2935 ΙΙ
293 2871 506 2935 consequentias
526 2873 545 2926 f.
580 2868 592 2939 Η
627 2873 741 2938 primum
760 2888 902 2923 numerum
925 2880 952 2922 et
972 2888 1053 2938 supra

79 2970 179 3005 uersum
190 2955 300 3019 perium
312 2971 484 3006 numerorum
497 2973 518 3006 r.
554 2959 570 3006 6
583 2959 830 3022 custodiunturque
842 2959 869 3007 in
881 2959 1054 3008 constituun-

79 3029 180 3087 turque
192 3029 312 3073 mutatum
324 3039 348 3076 c.
396 3026 422 3088 ,t
439 3025 577 3090 prioribus
597 3034 623 3075 et
640 3042 721 3091 supra
738 3043 755 3091 p
770 3041 784 3075 e
798 3033 823 3076 et
834 3041 915 3090 supro
927 3041 941 3075 e
955 3041 987 3076 su
1000 3025 1025 3077 d.
1041 3024 1052 3086 ll

80 3091 109 3139 in
132 3091 258 3141 ordinem
283 3106 310 3152 s;
339 3091 434 3142 ordine
459 3092 488 3155 d,
519 3093 548 3142 in
572 3093 694 3145 ordinem
723 3101 748 3145 et
770 3109 851 3158 supra
874 3095 904 3144 in
926 3092 939 3144 l
961 3109 1009 3160 per
1033 3109 1054 3145 r,

81 3159 179 3224 Spuri
190 3161 386 3221 numeroe‚b.
441 3162 656 3223 iltrusmissor,
676 3163 873 3213 intermissos.
927 3164 960 3213 10
978 3161 1054 3227 quin·

80 3225 170 3293 quipli
188 3242 215 3289 r,
236 3227 402 3292 quiuquupli
420 3244 448 3290 c,
469 3243 489 3278 s.
562 3232 593 3279 12
615 3229 820 3293 ordinandum,
840 3246 862 3282 s.
933 3231 965 3280 13
986 3230 1051 3279 Titu-

80 3295 118 3344 lus
139 3295 235 3358 ἱερέων
256 3297 284 3344 in
306 3298 418 3362 mnrpine
441 3297 468 3346 in
495 3296 529 3346 d:
569 3298 612 3347 De
636 3297 883 3364 superparticulari
907 3302 936 3348 et
957 3295 1009 3347 rel.
1034 3313 1055 3344 r.

81 3360 223 3428 Sequentia
240 3371 323 3413 nutent
340 3364 419 3414 uerba
430 3367 543 3416 secunda
553 3383 627 3416 manu
639 3369 729 3417 additu
741 3374 808 3416 sunt.
833 3363 845 3432 ΙΙ
870 3379 1017 3428 eorumque
1032 3379 1054 3421 s,

82 3433 108 3479 et
127 3445 224 3480 eurum
242 3431 262 3482 f,
334 3433 366 3483 15
383 3431 469 3486 XXV.
489 3432 507 3486 l.
578 3435 610 3484 16
629 3436 736 3498 quoties
756 3452 782 3486 a.
847 3435 879 3484 19
897 3435 956 3483 sive
975 3446 1054 3494 quer-

83 3500 137 3548 tom
156 3514 183 3552 a.
254 3500 483 3551 ennecone.
552 3504 586 3553 26
607 3503 737 3553 maiorem
756 3501 883 3564 a‚b‚f‚
902 3515 929 3560 r,
948 3513 969 3546 s.

114 3597 248 3633 scurrus.
833 3585 853 3639 4
