2426 4002
1 1063 3 1130 l

2 1135 3 1170 l

1 1202 3 1258 l

1 1283 3 1372 l

368 1011 625 1094 ΒΟΕΤΙΙ

66 1158 130 1234 DE
158 1154 543 1234 INSTITUTIONE
570 1155 932 1234 ARITHMETIOA

337 1297 654 1365 LIBRIDUo

282 1604 463 1660 sorssors
480 1585 708 1659 dirissimo.

26 1727 166 1780 a=codex
184 1728 406 1792 Bambergensis
423 1729 473 1778 HI.
492 1728 539 1780 IV.
559 1729 599 1776 12.
619 1726 666 1791 (F,
680 1725 724 1792 20)
744 1742 820 1779 saec.
838 1728 871 1777 X.
891 1729 983 1795 splen·

78 1813 219 1865 didissime
239 1817 366 1872 ornatus,
387 1827 468 1876 quem
486 1811 650 1863 Gerbertum
669 1811 704 1862 ed
723 1811 853 1863 Ottonem
871 1815 984 1866 tertium

77 1900 188 1950 misisse
214 1900 334 1948 maxime
360 1901 404 1948 est
426 1897 595 1966 verisimile.¹
623 1898 686 1948 Non
708 1901 802 1948 tamen
825 1898 921 1950 eedem
940 1907 983 1951 est

78 1983 232 2036 lectionum
244 1983 429 2050 praestantis.
447 1981 545 2032 Multis
559 1983 632 2032 enim
643 1981 712 2032 locis
722 1986 889 2034 correctoris
899 2001 984 2037 manu

79 2069 235 2120 emendatis
252 2067 327 2118 haud
345 2068 429 2132 pauci
447 2066 611 2117 emendandi
628 2066 721 2117 relicti
739 2069 812 2118 su'nt.
845 2069 889 2119 Ex
908 2073 983 2137 capi·

77 2157 131 2204 tum
150 2152 384 2219 inscriptionibus
407 2153 563 2217 quindecim
586 2151 677 2202 alieno
699 2151 762 2202 loco
781 2158 844 2202 sunt
862 2158 981 2220 positus.

77 2237 134 2288 Neo
158 2239 302 2289 fortunam
320 2252 437 2301 aequam
455 2240 554 2288 nactus
578 2240 619 2286 est
646 2251 695 2286 sex
717 2235 763 2286 vel
781 2244 888 2302 septem
907 2240 984 2291 foliis

77 2322 150 2373 inter
169 2321 289 2372 secundi
306 2321 372 2372 libri
391 2325 475 2387 ceput
501 2321 672 2372 tricesimum
695 2321 840 2384 septimum
863 2321 892 2368 et
915 2332 983 2382 qus-

78 2407 267 2474 drsgesimum
280 2407 392 2458 tertium
406 2411 434 2458 et
451 2407 547 2457 ultimo
566 2405 633 2456 folio
648 2420 709 2455 cum
721 2403 775 2454 fine
790 2404 890 2471 capitis
904 2403 982 2468 quin·

78 2491 235 2560 quagesimi
253 2494 343 2557 quarti
362 2490 522 2559 deperditis.

23 2571 162 2628 b=oodex
182 2577 399 2643 Bambergensis
417 2577 466 2627 ΗΙ,
485 2575 531 2626 IV.
553 2576 593 2626 11.
614 2571 661 2639 (F,
677 2573 719 2639 16)
733 2589 814 2646 saec.
832 2575 883 2639 X„
904 2576 982 2627 cuius

75 2662 216 2713 lectiones
229 2661 332 2726 ubique
351 2663 411 2713 fere
430 2664 495 2712 sunt
507 2659 645 2711 meliores.
675 2659 764 2710 Multa
777 2676 884 2726 quoque
897 2675 982 2727 supro

74 2762 174 2798 versus
200 2749 228 2796 et
250 2747 280 2796 in
302 2749 428 2813 margine
451 2761 535 2796 manu
558 2761 612 2796 non
635 2744 721 2795 multo
743 2746 898 2796 recentiore
917 2752 983 2798 sunt

75 2831 229 2895 adnotata,
258 2847 328 2896 quse
356 2833 385 2881 in
411 2831 474 2882 aliis
497 2830 639 2882 codicibus
662 2829 708 2881 vel
731 2832 835 2882 maiore
859 2830 904 2883 vel
928 2849 982 2884 non

72 2917 181 2968 minore
202 2915 403 2980 probabilitate
421 2916 595 2982 legebantur.

23 3001 165 3052 e=couex
182 3000 399 3067 Bembergensis
418 3001 528 3054 H1.1v‚
542 3002 582 3054 14.
603 2999 646 3065 (F,
661 3000 686 3064 3)
706 3015 782 3051 saec.
801 3001 835 3051 X.
854 3001 983 3067 pulcher-

71 3087 143 3136 rime
168 3086 304 3151 scriptus,
328 3101 383 3136 non
407 3085 629 3152 diligentissime.
664 3084 754 3135 Multa
779 3085 852 3136 enim
870 3087 982 3152 singule

71 3169 216 3221 vocabula
235 3174 300 3220 sunt
311 3172 428 3232 omisso,
448 3171 567 3222 maiores
579 3171 698 3222 lacunae
711 3171 892 3222 inveniuntur
904 3173 983 3237 quin-

75 3271 140 3322 que.
177 3255 295 3320 Propior
312 3259 407 3306 tamen
425 3255 538 3307 aceedit
556 3255 591 3306 ad
609 3257 626 3307 b
646 3272 727 3322 quem
747 3253 782 3306 ad
801 3272 827 3311 a.

22 3333 168 3393 d=codex
184 3339 403 3407 Bsmbergensis
421 3341 470 3392 HI.
489 3339 537 3392 IV.
557 3343 597 3394 13.
617 3342 659 3408 (F,
679 3340 723 3406 26)
749 3354 824 3392 saec.
849 3343 912 3402 XL,
936 3343 982 3392 oui

70 3426 112 3475 ite
133 3424 288 3476 similitudo
313 3430 356 3476 est
380 3442 441 3477 cum
461 3442 488 3492 o,
511 3429 543 3475 ut
567 3427 752 3492 compluribus
776 3427 848 3478 locis
865 3426 982 3478 meliors

69 3510 222 3576 praebeat.
259 3509 349 3561 Mults
377 3527 460 3577 supro
484 3526 580 3563 versus
605 3516 634 3563 et
656 3512 685 3562 in
707 3513 833 3578 margine
859 3511 982 3562 secunda

69 3610 162 3645 manu
179 3599 244 3646 sunt
262 3595 368 3649 addita.

40 3693 174 3732 sossius,
761 3686 777 3740 1
