2398 3968
316 163 409 216 INST.
429 161 582 213 ARITHM.
601 161 626 221 Ι,
646 162 669 212 8.
690 163 713 211 9.

350 387 458 444 Diuisio
477 390 564 458 pora‘s
579 389 699 444 numeri.

109 532 178 596 vid.
202 533 287 595 Paris
303 543 400 598 autem
418 537 536 596 numeri
551 535 666 613 species
679 540 750 594 sunt
765 541 833 596 tres
866 533 917 596 Est
933 538 1011 596 onim

55 636 118 688 uua,
135 637 206 698 quae
223 619 331 680 dicitur
347 623 459 698 pariter
475 638 537 700 par,
555 618 610 680 alia
627 637 696 680 vero
712 621 823 699 pariter
839 621 935 699 inpar,
952 627 1011 682 tor·

55 705 89 764 tia
102 705 242 784 inpariter
259 723 322 783 par.
354 703 390 764 Et
405 706 551 766 contraria
569 703 686 783 quidem
703 703 862 783 locumque
877 705 1011 767 obtinen-

56 791 86 848 tia
101 791 297 850 summitatum
313 789 448 850 videntur
465 809 529 851 esse
544 791 656 870 pariter
672 808 726 869 par
743 798 772 850 et
786 791 899 869 pariter
914 793 1009 871 inpar.
1025 807 1038 847 5

56 873 182 935 Medietas
197 882 297 936 autem
314 875 468 954 quaedam,
486 894 561 956 quae
573 882 769 954 utrorumque
785 876 950 954 participat,
969 885 1012 938 est

56 975 198 1030 numerus
213 961 268 1039 *qui
283 968 405 1020 vocatur
420 961 563 1040 inpariter
581 978 643 1038 par.

135 1151 178 1206 De
194 1166 314 1207 numero
327 1155 444 1223 puriter
456 1155 529 1224 pori
544 1156 661 1226 eiusque
674 1151 913 1223 proprietatibus⁸

13 1275 14 1300 ¹
108 1297 190 1359 VIIII.
208 1298 324 1360 Pariter
340 1317 394 1378 par
409 1318 552 1360 numerus
569 1307 626 1368 est,
644 1301 693 1380 qui
706 1307 803 1378 potest
818 1299 916 1361 induo
929 1302 1009 1382 paria

54 1379 143 1453 diuidi,
165 1386 288 1464 eiusque
310 1402 379 1464 pars
399 1386 429 1444 in
452 1383 507 1445 alia
529 1385 586 1445 duo
615 1386 694 1463 paria
717 1386 959 1468 partisque'pars
981 1387 1010 1446 in
1025 1403 1050 1442 lo

54 1465 100 1527 alia
115 1468 169 1528 duo
185 1470 285 1549 paria,
309 1476 342 1529 ut
357 1469 414 1530 hoo
430 1471 537 1530 totiens
556 1469 620 1542 fiat,
642 1471 807 1549 usquedum
825 1469 926 1532 divisio
942 1489 1010 1549 par-

55 1553 116 1612 tium
138 1552 172 1614 ad
194 1553 401 1615 indivisibilem
424 1553 601 1616 naturaiiter
617 1557 769 1632 perveniat
791 1555 942 1616 unitatem.
974 1555 1012 1616 Ut

56 1635 163 1699 dxliii·
187 1657 331 1700 numerus
360 1639 449 1700 habet
471 1641 657 1701 medietatem
685 1639 826 1710 dxxii,
843 1639 890 1700 hio
913 1645 1009 1700 autem

54 1722 227 1786 medietatem
246 1723 348 1793 ·XV1·,
365 1724 498 1786 hisvero
517 1723 599 1786 -vui
617 1725 702 1786 Hunc
719 1742 836 1804 quoque
853 1731 1011 1802 quaterna-

54 1807 106 1866 rius
120 1793 253 1888 iriaequa
271 1811 411 1888 partitur,
429 1812 480 1890 qui
491 1809 597 1871 binarii
610 1809 718 1889 duplus
735 1817 794 1879 est;
812 1810 862 1870 sed
880 1809 1010 1872 binarius
1024 1827 1049 1868 15

53 1893 159 1953 unitatis
174 1893 333 1955 medietate
350 1895 502 1964 dividitur,
521 1912 596 1973 qnae
612 1897 708 1955 unitas
719 1894 893 1957 naturaliter
909 1897 1008 1976 singu·

53 1975 114 2036 iaris
133 1996 192 2038 non
219 1980 326 2059 recipit
351 1982 522 2040 sectionem.
555 1979 630 2040 Huic
648 1999 771 2040 numero
799 1979 912 2041 videtur
933 1983 1009 2042 aoei-

53 2059 127 2131 dere,
143 2072 175 2123 ut
195 2081 390 2145 quaeeunque
415 2065 477 2126 eius
498 2065 587 2126 suerit
608 2082 691 2142 pam,
714 2083 781 2126 cnm
803 2067 922 2126 nomine
944 2068 1009 2145 ipso

54 2146 242 2230 vocabuloque
257 2149 368 2229 pariter
383 2169 436 2229 par
452 2151 632 2221 inveniatur3
654 2157 717 2212 tum
733 2151 821 2211 etiam
838 2152 1008 2227 quantitate.

54 2229 100 2292 Sed
120 2233 185 2294 ideo
207 2232 282 2294 mibi
303 2234 418 2296 videtur
434 2235 482 2296 hio
505 2253 648 2296 numerus
669 2237 780 2314 pariter
804 2252 859 2313 par
879 2242 1008 2308 vocatus,
1023 2253 1049 2294 ro
1131 2293 1137 2304 ,

110 2421 122 2468 1
141 2420 326 2486 inscriptam.
346 2422 370 2471 d.
390 2422 449 2539 InIo
463 2423 526 2472 bueo
543 2435 700 2471 numerorum
718 2422 852 2486 dispositio
869 2423 960 2474 addita
971 2431 1009 2474 est

428 2557 464 2607 IL

427 2625 478 2675 III.

426 2692 492 2744 IIII.

182 2761 203 2810 l.
223 2761 260 2812 11.
279 2761 328 2813 III.
347 2761 412 2812 1111.
431 2761 463 2812 V.
481 2761 528 2812 Ἦ.
548 2762 608 2812 VII.
626 2760 701 2814 VIII.
720 2761 812 2814 VIIII.
829 2761 862 2811 X.

427 2897 487 2947 VII.

427 2965 503 3014 VIII.

425 3033 515 3085 VIIII.

94 3165 107 3212 2
125 3167 181 3217 ·111·
201 3183 227 3231 a,
246 3168 278 3232 b,
298 3183 327 3231 e,
347 3169 372 3232 l,
392 3183 418 3232 r,
438 3185 459 3219 s.
514 3171 530 3219 4
549 3167 718 3221 econtrario
738 3186 761 3219 e.
783 3166 796 3236 11
820 3170 965 3236 locumque
981 3180 1010 3220 et

56 3242 119 3294 supra
135 3251 232 3286 uersum
250 3235 263 3287 i
281 3236 341 3286 toea
354 3236 381 3300 b,
394 3236 513 3302 locaque
527 3253 553 3303 a,
566 3238 630 3288 loea
643 3253 670 3301 s,
689 3237 835 3302 locumque
853 3241 969 3291 inlitora
986 3255 1007 3292 r.

57 3293 185 3368 fleiusque
203 3303 424 3370 proprietatibus
442 3321 489 3357 om.
510 3305 535 3356 d.
557 3303 571 3372 Η
596 3311 624 3356 et
641 3305 764 3357 eiusdem
782 3321 803 3356 s.
875 3309 905 3356 11
919 3307 1009 3356 tocies

57 3371 197 3426 senciens
215 3374 249 3436 b,
269 3389 299 3436 e,
317 3389 338 3425 r.
410 3375 441 3422 12
459 3373 655 3425 indivisionem
674 3391 698 3427 e.
753 3377 785 3426 13
804 3378 896 3424 autem
915 3389 1009 3424 nume·

57 3445 91 3482 ms
106 3437 134 3500 b,
155 3455 182 3500 c,
203 3455 224 3492 s.
274 3441 305 3490 14
317 3441 363 3491 hio
383 3446 475 3491 autem
495 3443 577 3494 ·VIII·
591 3443 611 3495 f.
650 3445 680 3493 17
693 3443 766 3492 Hnie
780 3448 872 3492 autem
892 3443 916 3503 f3
935 3443 1008 3490 Huic

58 3503 221 3573 pariterpari
239 3523 260 3560 s.
349 3511 379 3560 18
398 3511 485 3575 primo
505 3527 566 3560 oum
584 3511 693 3560 nomine
713 3511 732 3558 f.
816 3513 847 3560 19
866 3513 967 3566 tunae,
988 3523 1008 3556 r.

82 3601 204 3645 nonnus.
786 3597 803 3652 2
