2446 3964
11 627 13 644 l

11 675 13 684 t

11 1435 13 1462 t

11 1463 12 1504 l

351 209 443 262 ruse.
462 209 613 262 auruum.
632 211 672 272 Π,
691 212 716 259 4.
980 206 1021 270 89

42 385 112 447 illud
130 402 191 445 suo
208 383 330 440 nomine
353 379 479 440 solidum
502 387 632 440 vocetur.
669 379 748 440 Haeo
770 381 847 440 enim
869 381 924 441 trie
941 383 1019 441 cirta

43 487 131 532 omne
156 483 269 545 corpus
296 463 488 542 inseparabili
509 465 715 524 coniunctione
737 471 907 533 versantur,
939 475 968 527 et
989 467 1020 524 in

45 563 152 615 natura
171 567 334 627 corporum
352 549 508 609 constituta
524 557 601 609 sunt.
634 549 731 619 Quare
747 549 886 628 quioquid
903 568 960 610 nno
976 551 1020 609 in-

44 637 172 701 tervallo
188 643 285 702 earet,
309 632 383 693 illud
404 651 512 712 eorpus
534 632 660 694 solidum
677 650 737 693 non
760 641 811 693 est.
849 633 923 694 Nam
939 634 1018 714 quod

44 727 102 784 duo
129 721 195 782 sola
218 717 371 778 intervalla
398 719 518 787 retinet,
546 717 617 779 illud
645 718 819 796 superlioies
844 717 1046 795 appellatore

45 809 151 871 Omnis
169 805 248 865 enirn
265 803 437 880 superlieies
455 802 515 862 sola
538 801 721 880 longitudine
738 811 767 862 et
781 802 933 862 latitudine
950 820 1020 862 oon·

43 896 168 954 tinetur.
194 889 232 949 Et
247 889 297 948 hie
313 887 415 947 eedem
431 886 479 947 illa
497 889 650 947 conversio
665 894 808 948 remanet.
830 885 925 947 Omne
941 889 1020 947 enim

44 977 123 1056 quod
148 973 325 1051 superficies
347 979 404 1039 est,
429 971 641 1050 longitudinem
659 979 687 1032 et
702 971 885 1032 latitudinem
902 973 1019 1039 retinet,

45 1071 73 1123 et
95 1059 177 1140 quod
201 1059 275 1117 haee
299 1058 421 1126 retinet,
446 1055 516 1116 illud
542 1065 586 1117 est
607 1057 788 1135 superficies.
823 1057 902 1117 Haeo
923 1062 1020 1117 autem

45 1145 223 1224 superficies
245 1157 306 1202 uno
328 1148 440 1201 tantum
463 1139 615 1202 intervallo
637 1141 720 1201 solidi
743 1143 878 1219 corporis
900 1141 1061 1201 deman-10

46 1235 129 1290 sione
147 1234 324 1306 superatur,
341 1243 417 1304 quae
434 1243 493 1285 uno
508 1244 613 1286 rursus
630 1225 782 1286 intervallo
798 1226 905 1287 lineam
923 1227 1019 1294 vineit,
1109 1230 1118 1242 “’

46 1334 122 1395 quae
139 1311 336 1389 longitudinis
357 1318 491 1372 naturam
513 1312 644 1388 retinens
659 1310 819 1371 latitudinis
841 1329 946 1390 expers
962 1318 1020 1378 est;

46 1419 122 1479 quae
146 1398 242 1466 linea,
265 1394 346 1472 quod
367 1396 457 1455 unius
479 1403 522 1455 est
542 1395 687 1456 intervalli
714 1397 815 1456 sortita
838 1403 1021 1464 naturam,a

45 1482 210 1564 superficie
228 1497 286 1539 uno
303 1479 471 1550 intervallo,
488 1497 503 1539 a
520 1479 667 1541 soliditate
684 1479 800 1540 dnobus
815 1481 916 1559 spatiis
931 1481 1021 1539 vinei*-

43 1581 105 1629 tur.
140 1567 290 1627 Punctum
312 1565 399 1640 igitur
422 1563 478 1623 alio
500 1582 604 1624 rursus
625 1565 779 1624 intervallo
801 1583 816 1624 a
838 1564 913 1624 linea
930 1566 1061 1623 vinei-15

45 1665 110 1721 tur,
130 1654 197 1728 ipsa
213 1648 343 1717 scilieet,
361 1666 435 1726 quae
452 1649 564 1727 reliqua
582 1657 639 1717 est,
661 1648 853 1726 longitudine.
886 1647 983 1717 Quare
998 1649 1023 1707 si

47 1745 196 1816 puuctum
228 1751 288 1792 uno
316 1734 435 1812 quidem
462 1733 615 1793 intervallo
645 1751 660 1793 a
686 1733 762 1794 linea
790 1734 1021 1812 supergreditur,

44 1823 127 1882 idem
157 1839 173 1878 a
198 1818 355 1896 superficie
378 1819 501 1878 vincitur
523 1817 652 1887 duobuS,
675 1818 771 1879 tribus
792 1837 861 1878 vero
877 1815 1023 1878 intervalli

47 1901 298 1968 demensionibus
319 1921 334 1961 a
356 1901 502 1964 soliditate
524 1903 715 1980 relinquitur,
744 1910 859 1963 constat
879 1912 1022 1980 punctum

47 1995 151 2070 ipsum
169 1989 234 2048 sine
250 1985 308 2046 ulla
325 1989 458 2063 eorporis
474 1988 675 2065 magnitudine
687 1987 732 2047 vel
744 1986 890 2049 intervalli
901 1988 1021 2048 demen-
1036 1997 1062 2037 20

49 2079 155 2143 sione,
180 2089 247 2132 eum
272 2079 303 2131 et
324 2071 516 2148 longitudinis
538 2080 567 2132 et
588 2071 748 2132 latitudinis
770 2081 799 2132 et
814 2072 1023 2150 profunditatis

47 2176 162 2239 expers
183 2157 237 2223 sit,
262 2157 392 2217 omnium
408 2155 629 2218 intervallorum
648 2175 712 2216 esse
732 2157 910 2235 principium
927 2163 956 2214 et
971 2172 1022 2227 na-

47 2255 116 2306 tura
140 2231 356 2311 insecabiles
350 2241 427 2319 quod
444 2243 550 2302 Graeci
573 2248 693 2300 atomon
718 2247 838 2309 vocant,
865 2240 894 2299 id
918 2247 962 2298 est
983 2241 1023 2298 ita
1085 2274 1113 2316 ,ε

48 2329 239 2390 deminutum
256 2332 344 2403 atque
359 2327 581 2406 parvissimum,
603 2333 636 2384 ul
652 2325 714 2384 eius
735 2341 803 2402 pars
823 2323 948 2384 inveniri
964 2341 1023 2382 non

11 2421 12 2490 l
47 2399 173 2494 possit]
194 2410 246 2469 Est
273 2411 362 2486 igitur
388 2416 531 2487 punctum
560 2409 649 2487 primi
669 2407 814 2468 intervalli
835 2409 1062 2487 principiano
1083 2401 1148 2436 ²¹⁷*

47 2517 110 2559 non
125 2503 227 2557 tamen
243 2493 437 2564 intervallum,
454 2502 483 2554 et
499 2495 592 2555 lineae
608 2501 704 2571 eaput,
722 2494 772 2554 sed
789 2494 920 2553 nondum
936 2493 1022 2562 linea,

11 2595 14 2680 ‘p
49 2587 128 2644 sieut
151 2581 231 2640 linea
258 2597 375 2658 quoque
396 2580 566 2658 superficiei
595 2580 773 2658 principium
799 2586 855 2649 est,
888 2579 939 2639 sed
961 2579 1024 2656 ipsa

49 2666 228 2746 superficies
242 2681 303 2723 uon
320 2672 378 2732 est,
396 2671 424 2724 et
439 2664 560 2724 secundi
576 2663 722 2724 intervalli
738 2673 826 2741 caput
842 2672 899 2732 est,
918 2680 1024 2724 seeun-

11 2725 14 2766 ³
49 2754 120 2814 dum
138 2759 241 2810 temen
257 2747 444 2809 intervallum
460 2751 524 2826 ipsa
540 2767 599 2809 non
615 2751 733 2810 retinet,
764 2749 845 2809 ldenr
862 2765 979 2827 qunque
996 2753 1025 2807 et

119 2921 137 2970 5
157 2919 202 2968 ·II·
223 2933 253 2979 a,
274 2917 296 2981 l,
315 2933 337 2982 r,
356 2932 379 2968 s.
403 2913 415 2982 ΙΙ
438 2919 561 2967 retinent
580 2918 605 2972 d,
676 2919 691 2967 6
711 2919 835 2968 eontinet
853 2933 876 2966 o.
947 2919 963 2966 9
982 2931 1025 2966 au·

11 2973 12 2976 Ἴ
49 2989 182 3055 perficies
203 2990 246 3035 est
265 3001 288 3036 e.
376 2987 408 3036 10
427 2990 504 3035 tanto
529 2993 554 3036 et
571 3001 652 3050 supra
670 3001 768 3036 uersum
785 2984 799 3035 i
816 2989 873 3034 tum
891 2984 922 3046 b;
947 2989 1030 3068 tanto·

49 3082 74 3123 et
92 3089 178 3137 supra
197 3055 249 3120 οἶ
268 3070 288 3120 f.
359 3073 391 3121 13
411 3066 495 3134 quod]
516 3071 582 3132 quia
602 3086 629 3133 c,
643 3071 668 3131 ις
689 3085 721 3118 εο
741 3070 806 3133 quia
824 3085 846 3117 s.
917 3071 949 3118 14
961 3083 1023 3134 spa-

11 3139 12 3168 l
49 3143 97 3192 tiis
116 3138 280 3190 intervallis
298 3153 328 3199 a,
348 3139 434 3203 spatii
450 3137 609 3188 intervallis
627 3145 653 3187 et
669 3153 751 3201 supro
762 3152 860 3186 uersum
879 3135 909 3186 al
926 3137 1025 3202 spatiis

50 3210 83 3269 b;
102 3206 278 3268 intervallis,
298 3207 388 3256 omisso
409 3206 521 3272 spatiis,
542 3205 562 3259 f,
633 3207 664 3254 18
683 3205 808 3268 idemque
827 3205 851 3265 f;
870 3205 956 3266 idem,
977 3206 1025 3254 od-

50 3279 103 3327 dito
123 3293 161 3327 ex
179 3291 249 3326 eurr.
269 3289 320 3338 que
340 3289 365 3322 a.
435 3276 468 3324 20
480 3273 537 3322 ullo
551 3289 574 3322 o.
646 3274 676 3322 21
696 3272 826 3336 profundi
846 3288 875 3334 a;
895 3271 1025 3336 profundi

51 3353 75 3394 el
91 3361 179 3408 supra
196 3357 295 3394 uersum
313 3344 381 3391 tatis
400 3357 420 3390 r.
468 3343 500 3391 23
519 3338 669 3392 ΑΤΟΜΟΝ
690 3340 712 3402 l;
732 3343 850 3389 atomum
870 3341 894 3389 d.
919 3335 930 3405 ΙΙ
954 3338 1026 3405 quod

51 3417 93 3462 eat
111 3414 155 3461 ita
174 3411 198 3472 l;
217 3409 246 3459 id
266 3413 308 3460 est
325 3410 366 3458 ita
384 3415 409 3459 ει
425 3425 506 3473 supra
524 3408 551 3457 id
569 3407 582 3458 l
601 3408 635 3472 qd
653 3408 679 3457 b.
750 3408 877 3472 reprimi
895 3411 1025 3471 punctum

52 3496 80 3542 a;
100 3481 187 3545 primi
206 3495 253 3529 om.
275 3493 299 3540 ε,
315 3493 337 3541 r,
351 3492 377 3539 ες
396 3493 476 3542 supra
494 3493 590 3527 uersum
608 3476 633 3526 d.
703 3477 736 3525 26
755 3475 804 3525 sad
822 3471 950 3538 nondum]
971 3487 1025 3522 non

51 3553 147 3600 temen
166 3547 193 3598 d.
266 3546 299 3594 28
318 3550 360 3595 est
377 3553 436 3610 post
455 3548 540 3609 ceput
557 3561 603 3596 om.
624 3561 649 3606 a,
671 3559 695 3605 o,
714 3559 736 3606 r,
756 3559 777 3594 ε.
