2446 3964
179 170 220 234 86
472 169 565 224 insu.
585 169 736 220 norrun.
757 169 796 230 n,
816 172 840 220 4.

179 416 222 470 De
239 431 297 488 per
317 429 348 470 se
369 419 520 470 constante
541 416 719 486 quontitate,
743 427 818 484 quoe
834 415 864 468 t'n
878 414 982 486 figuris
996 419 1157 486 geometri·

179 503 221 555 cis
237 501 455 562 consideratum
474 502 504 553 ot
524 515 579 570 qno
596 500 752 554 communis
771 500 846 553 rotio
869 494 992 554 omnium
1006 502 1157 570 moenitu-

611 585 716 638 dinam.

238 732 301 794 llll.
316 732 396 793 Haeo
410 731 573 809 quidemde
587 731 756 808 quantitate,
766 747 853 808 quam
867 729 1031 789 secundum
1044 729 1079 789 ad
1098 728 1154 812 [i]

152 816 288 899 5aliquid
313 813 515 896 speculamur,
545 814 743 892 adpraesens
766 815 841 874 dicta
864 813 1019 874 sufficiant.
1063 814 1158 876 Nunc

179 911 276 964 autem
298 903 329 960 in
352 902 407 961 bac
431 903 582 976 sequentia
600 899 742 978 quaedam
766 899 802 959 de
819 917 851 958 ea
874 901 1050 976 quantitate,
1072 917 1157 977 quae
1215 957 1216 960 ,

178 1006 233 1066 per
256 1007 287 1048 se
308 989 401 1065 ipsam
422 991 551 1053 constat,
581 984 734 1062 nequead
757 983 866 1061 aliquid
888 983 1032 1054 refertur,
1060 1002 1156 1064 expe·

180 1073 272 1141 diam,
290 1090 364 1149 quae
381 1069 467 1129 nobis
484 1069 518 1128 ad
537 1087 570 1130 eo
587 1068 730 1147 prodesse
745 1071 873 1148 possint,
897 1087 972 1147 quae
993 1069 1156 1147 posthaec

179 1175 283 1216 rursus
304 1154 340 1214 de
361 1154 452 1214 relata
470 1155 505 1213 ad
522 1153 631 1232 aliquid
648 1155 809 1230 quantitate
825 1152 1024 1214 tractabimus.
1063 1154 1157 1214 Amat

141 1255 166 1293 10
181 1243 258 1300 enim
275 1239 494 1317 quodammodo
510 1240 677 1298 matheseos
693 1237 854 1317 speculatio
871 1238 986 1298 alterna
997 1237 1155 1315 probatio-

179 1344 250 1385 num
267 1327 380 1384 ratione
397 1325 544 1384 constitui.
580 1323 664 1382 Nunc
680 1331 777 1385 autem
795 1323 880 1383 nobis
896 1323 932 1382 de
955 1325 1000 1382 his
1016 1326 1155 1384 numeris

178 1429 277 1470 sermo
292 1411 412 1470 iuturus
428 1417 485 1478 est,
503 1410 553 1488 qni
569 1408 645 1467 circa
662 1408 772 1486 figuras
787 1409 984 1484 geometricas
1000 1416 1029 1468 et
1045 1425 1154 1469 earum

178 1495 270 1574 spatia
287 1495 552 1572 demensionesque
570 1501 738 1562 versantur,
761 1492 790 1552 id
807 1500 850 1552 est
866 1493 902 1552 de
917 1491 1077 1554 linearibus
1092 1513 1153 1554 nu-

178 1581 269 1640 meris
285 1587 315 1640 et
336 1579 372 1638 de
387 1577 620 1655 triangularibus
635 1576 680 1637 vel
696 1577 845 1656 quadratis
860 1579 1049 1655 ceterisque,
1072 1596 1154 1656 quos

140 1677 165 1717 15
179 1663 238 1724 sola
256 1665 358 1743 pandit
373 1663 460 1742 plana
477 1663 644 1731 demensio,
660 1680 716 1721 neo
732 1680 790 1721 non
807 1663 844 1722 de
858 1662 1006 1740 inaequali
1022 1661 1154 1724 laterum

179 1750 395 1827 compositione
412 1749 592 1816 coniunctis3
615 1748 652 1807 de
667 1745 768 1806 solidis
785 1749 887 1814 eliam,
910 1748 938 1807 id
956 1755 1000 1806 est
1021 1746 1104 1826 cybis
1122 1757 1155 1810 et

178 1833 323 1912 spheriois
354 1831 398 1892 vel
420 1833 592 1911 pyramidis,
629 1831 779 1892 latereulis
803 1833 889 1892 etiam
910 1831 956 1892 vel
980 1831 1100 1908 tignulis
1121 1841 1155 1894 et

179 1919 296 1987 curaeio,
319 1935 394 1995 quae
416 1919 514 1976 omnia
536 1917 655 1995 quidem
671 1919 872 1992 geometricae
892 1917 1033 1994 propriae
1049 1921 1152 1977 oonsi-

179 2003 339 2063 derationis
368 2011 453 2071 sunt,
485 2001 537 2062 sed
565 2003 640 2062 sicut
666 2004 727 2080 ipsa
755 2004 934 2079 geometriae
962 2003 1082 2062 scientia
1111 2003 1153 2064 ab
1215 2027 1216 2030 ¹

145 2100 169 2140 20
183 2087 368 2148 arithmetica
389 2086 468 2146 velut
489 2087 616 2166 quadam
638 2087 737 2146 radice
759 2097 909 2148 acmatre
929 2087 1074 2164 producta
1092 2096 1153 2160 est,

26 2201 129 2246 eppa
163 2175 216 2250 uta
233 2174 320 2234 etiam
337 2175 399 2232 eius
421 2173 585 2250 figurarum
607 2173 719 2232 semina
741 2173 771 2231 in
788 2173 892 2249 primis
913 2173 1045 2231 numeris
1066 2171 1153 2233 inve—

175 2252 292 2326 nimusl
317 2258 438 2337 planum
459 2257 605 2335 siquidem
629 2257 767 2326 lecimus,
795 2256 874 2334 quod
897 2274 1001 2316 omnes
1017 2256 1155 2336 discipli·

176 2360 230 2402 nas
246 2343 319 2402 baec
334 2345 512 2422 interempta
529 2347 733 2411 consumeret,
757 2359 830 2420 quas
851 2342 972 2401 minime
988 2343 1153 2404 constituta

177 2427 320 2485 firmaret.
346 2427 410 2486 Hoc
427 2435 525 2486 autem
542 2425 784 2504 cognoscendum
801 2433 859 2493 est,
877 2424 955 2506 quod
972 2426 1047 2486 baec
1063 2429 1152 2506 signa
1194 2443 1201 2452 ’

141 2523 168 2564 25
180 2527 389 2579 numerorum,
411 2530 487 2589 quae
507 2514 601 2588 posita
623 2518 706 2578 sunt,
730 2529 805 2590 quae
821 2527 901 2570 nuno
917 2528 1036 2590 quoque
1051 2511 1154 2573 homi—

178 2614 233 2655 nes
247 2596 278 2653 in
295 2611 477 2654 summarum
503 2595 706 2672 designatione
727 2595 914 2666 describunt,
938 2613 998 2655 nou
1021 2597 1154 2657 naturali

177 2680 359 2738 institutione
375 2677 500 2738 formata
517 2685 594 2739 sunt.
625 2681 662 2741 Ut
678 2682 754 2740 enim
772 2679 896 2760 quinarii
913 2679 1077 2741 subiectam
1093 2700 1154 2742 no-

247 2863 1156 2930 th'totnmom.d;Deperse....inquoom.b‚o,l‚r

179 2937 204 2980 et
223 2946 249 2992 s,
268 2933 295 2980 in
313 2948 361 2997 qno
379 2933 504 2982 Tertium
523 2934 615 2983 thema
633 2934 741 2999 incipit.
816 2937 831 2983 2
851 2934 1042 2984 consideratur
1059 2951 1108 2985 om.
1131 2937 1154 2986 f.

178 2998 388 3064 bspeculamus
407 3001 425 3050 f.
484 3003 580 3066 lipsa
592 3000 617 3054 d.
676 3000 827 3068 9aliquid]
846 3002 960 3066 alludi,
980 3002 997 3052 l.
1057 3005 1090 3054 to
1111 3004 1156 3053 al-

178 3069 352 3117 tortoreto
371 3068 481 3118 alterna
501 3085 525 3118 a.
585 3071 617 3119 13
635 3069 876 3135 dimensionesque
896 3087 919 3131 c,
939 3070 964 3131 d,
984 3069 1002 3122 l.
1062 3073 1095 3120 14
1116 3073 1155 3123 de

178 3141 238 3184 ante
257 3135 475 3200 triangularibus
488 3151 536 3186 om.
556 3135 581 3184 d.
653 3140 684 3187 16
704 3139 780 3188 cubis
799 3153 820 3192 s.
896 3141 927 3189 17
947 3139 1064 3202 speriois
1083 3155 1106 3203 r,
1128 3156 1154 3190 s.

179 3203 210 3252 18
229 3199 370 3269 propriae]
390 3204 513 3254 Fortasse
531 3207 661 3267 legendum
679 3207 797 3270 proprie.
868 3208 900 3256 19
919 3207 1107 3271 geometricae
1124 3224 1153 3269 a,

179 3285 202 3326 c,
222 3286 244 3332 r,
264 3286 285 3319 s.
359 3273 392 3320 at
410 3271 563 3322 infirmaret
581 3273 607 3336 b,
627 3289 655 3334 o;
680 3288 735 3322 non
754 3272 877 3323 firmaret
895 3290 924 3335 a;
948 3273 1071 3324 firmaret
1087 3285 1156 3338 post

177 3338 319 3400 titurom13
343 3337 465 3389 firmaret
487 3343 576 3390 addito
600 3357 635 3390 eto
657 3356 726 3392 corr.
745 3341 774 3390 in
792 3357 813 3393 r.
900 3343 933 3391 25
957 3357 1028 3406 quae
1048 3357 1095 3393 om.
1118 3359 1154 3407 a3
1215 3367 1216 3370 ¹

176 3421 257 3469 supro
275 3422 371 3456 perstem
390 3407 415 3470 d,
435 3423 460 3466 r;
487 3411 590 3472 punctis
611 3408 769 3458 subnotatum
791 3408 817 3458 b.
842 3405 853 3472 ΙΙ
878 3413 942 3458 sunt
964 3412 1066 3472 punctis
1088 3411 1154 3460 snb-

176 3497 286 3542 nototum
304 3493 336 3555 b,
355 3496 436 3568 Qu}
454 3493 479 3542 d.
