2398 3968
262 163 355 214 INST.
375 162 527 218 ARITHM.
546 164 587 229 ΙΙ,
608 162 801 216 CAPITULA.
974 164 1015 230 73

162 336 188 393 ll.
209 337 243 393 lle
264 337 425 393 inveniendo
448 339 476 393 in
497 355 665 412 unoquoque
681 355 810 402 numero,
831 349 900 414 quot
922 355 1015 396 nume·

213 439 258 478 ros
274 422 395 478 eiusdem
411 424 600 496 proportionis
617 424 707 497 possit
726 424 888 497 praecedere
904 441 1013 482 eorum-

211 522 263 580 que
280 507 427 581 descriptio
442 507 687 582 descriptionisque
702 509 846 581 expositio.

146 591 184 648 lll.
207 591 284 660 Quod
300 590 442 665 multiplex
457 592 629 649 intervallum
649 608 682 648 ert
698 593 797 666 quibus
813 595 1014 668 superparticu-

209 675 313 732 laribus
334 675 479 732 medietate
499 679 590 750 posita
611 677 760 733 intervallis
782 677 829 733 liat
844 679 958 752 eiusque
974 681 1013 735 in-

209 760 333 817 veniendi
351 761 454 834 regula.

134 844 185 901 llll.
208 845 243 901 lle
259 861 308 918 per
324 862 354 902 se
369 852 513 902 constante
530 847 700 919 quantitate,
717 862 786 919 quae
802 847 830 901 in
841 845 937 919 liguris
950 863 1014 919 geo-

209 929 536 994 metricisconsideratur‚
546 931 637 1004 inquo
650 932 879 1005 communis-ratio
894 930 1014 987 omnium

209 1015 436 1087 magnitudinum.

155 1099 184 1153 V.
206 1099 242 1154 lle
258 1115 372 1155 numero
387 1099 491 1155 lineari.

144 1183 184 1239 vt.
208 1185 242 1238 lle
258 1183 348 1257 planis
364 1183 511 1240 rectilineis
527 1181 622 1256 liguris
640 1183 768 1257 quodque
784 1201 876 1242 earum
893 1186 1015 1259 triangu-

208 1267 265 1324 lum
281 1268 446 1342 principium
463 1269 507 1324 sit.

131 1351 182 1408 Vll.
205 1352 355 1426 dispositio
374 1351 572 1426 triangulorum
588 1369 775 1410 numerorum.

116 1436 182 1492 Vlll.
204 1437 240 1492 ile
257 1437 390 1493 lateribus
406 1436 605 1509 triangulorum
621 1453 805 1494 numerorum.

108 1521 185 1577 Vllll.
206 1521 243 1577 lle
259 1523 438 1595 generatione
453 1522 652 1595 triangulorum
667 1537 851 1578 numerorum.

151 1606 181 1662 ll.
203 1606 240 1662 lie
256 1606 395 1680 quadratis
409 1607 539 1663 numeris.

139 1691 182 1746 Xl.
205 1690 242 1746 lle
258 1707 353 1746 eorum
369 1690 510 1747 lateribus.
577 1729 580 1736 ι
653 1745 656 1750 ,

130 1775 184 1830 Xll.
206 1774 244 1830 lle
259 1775 454 1848 quadratorum
470 1790 646 1831 numerorum
664 1775 841 1848 generatione
862 1791 1014 1850 rursusque

208 1858 242 1914 de
257 1875 351 1915 eorum
367 1859 508 1916 lateribus.

116 1942 183 1999 Xlll.
205 1942 241 2000 lie
258 1945 421 2017 pentagonis
437 1960 588 2017 eorumque
603 1943 745 2001 lateribus.

102 2027 180 2083 Xllll.
204 2028 240 2083 lle
256 2021 440 2101 generatione
454 2037 683 2102 pentagonorum.

129 2111 183 2169 XV.
206 2113 242 2168 lle
258 2115 388 2186 exagonis
409 2128 558 2186 eorumque
574 2113 805 2185 generationibus.

117 2195 183 2251 XVl.
207 2197 243 2253 lie
259 2197 404 2270 eptagonls
420 2213 570 2270 eorumque
583 2197 804 2269 generationibus
821 2203 848 2251 et
863 2197 1014 2252 communis

209 2283 331 2337 omnium
352 2279 499 2354 figurarum
522 2280 697 2336 inveniendae
718 2281 904 2354 generationis
919 2280 1015 2352 regula

207 2366 461 2439 descriptionesque
476 2365 633 2448 [ngurarum.

105 2448 181 2506 xvtt.
205 2449 355 2524 Descriptio
371 2449 550 2523 figuratorum
566 2465 741 2506 numerorum
757 2451 785 2504 in
802 2448 904 2506 ordine.

92 2533 180 2590 XVlll.
205 2535 255 2603 Qui
272 2533 382 2607 figurati
398 2535 503 2590 numeri
520 2551 552 2590 er
568 2533 666 2607 quibus
678 2531 804 2607 figuratis
814 2536 934 2590 numeris
949 2534 1015 2591 fiant

208 2621 293 2692 inque
314 2636 362 2681 eo,
384 2620 457 2692 quod
481 2619 634 2692 triangulus
656 2621 930 2675 numerus‘omnium
951 2618 1014 2674 reli·

209 2720 327 2777 quorum
342 2705 506 2778 principium
523 2704 567 2760 sit.

112 2885 175 2933 lin
193 2901 240 2936 om.
260 2884 286 2933 d.
311 2880 322 2950 ΙΙ
347 2885 419 2948 quod
437 2885 469 2949 d,
488 2900 556 2950 quos
576 2901 600 2943 e,
619 2883 646 2945 b,
668 2900 690 2946 c,
712 2885 730 2946 l,
751 2883 769 2948 l,
788 2901 809 2948 r,
830 2901 851 2936 s.
892 2887 1015 2949 2possit

48 2949 224 3018 praecedere]
249 2952 401 3017 praecedet
418 2953 449 3016 b,
475 2953 493 3003 l.
581 2955 596 3002 'i
616 2953 773 3016 quantitate
797 2955 944 3002 constante
968 2952 1014 3017 c.!l

49 3019 139 3085 figuris
158 3024 187 3070 et
205 3019 382 3085 geometricis
400 3019 426 3069 d.
514 3022 545 3071 10
564 3019 676 3069 linearii
696 3035 720 3068 e.
810 3023 840 3068 tt
862 3035 968 3086 qnoque
988 3036 1013 3074 a.

50 3089 78 3136 12
96 3091 138 3138 est
156 3103 181 3137 a.
252 3088 448 3152 13'Depositio
463 3103 486 3140 c.
558 3088 589 3136 18
608 3100 769 3149 rursumque
782 3087 801 3136 f.
873 3089 904 3136 21
918 3090 1013 3152 penta,

50 3157 133 3206 omisso
153 3169 301 3220 gononum,
320 3171 346 3208 s.
433 3157 466 3204 22
484 3156 537 3206 Hic
555 3157 640 3205 titulus
658 3155 730 3204 deest
752 3156 778 3203 in
798 3169 824 3218 e,
844 3161 956 3218 excepta
973 3156 1014 3204 lit·

51 3230 101 3273 τινα
120 3226 205 3287 prima
222 3223 258 3276 D.
345 3226 378 3274 23
395 3223 562 3356 pentagonis
587 3239 618 3285 a,
640 3237 668 3286 e,
692 3237 718 3284 r,
739 3235 760 3270 o.
789 3217 801 3287 ΙΙ
831 3223 968 3272 communi
991 3237 1014 3273 r.

50 3292 79 3340 24
94 3292 215 3341 omnium
233 3306 281 3341 om.
300 3306 331 3352 s,
350 3306 372 3340 c.

52 3373 113 3421 qne,
125 3358 148 3420 13
167 3357 371 3423 discriptionis,
390 3359 481 3409 omisso
495 3373 546 3423 qne
562 3373 590 3420 ος
611 3357 809 3421 discriptione,
822 3359 912 3407 orasse
926 3370 978 3418 qne
991 3369 1013 3404 s.

51 3427 78 3475 26
95 3426 244 3491 figurarum
263 3441 289 3475 e.
360 3428 392 3475 27
410 3441 523 3476 numero
543 3441 569 3488 s,
588 3425 620 3487 b;
639 3438 767 3474 numerus
784 3438 808 3473 r.
877 3425 910 3472 28
929 3423 1013 3484 inque

53 3490 89 3560 eo]
105 3509 194 3558 neque
213 3510 241 3558 r,
260 3493 290 3541 in
308 3508 341 3544 eo
360 3508 382 3543 s.

424 3290 559 3341 veniende
579 3289 606 3342 d.
641 3291 674 3339 25
692 3288 903 3353 discriptiones‚
923 3291 1014 3339 omisso

1028 693 1040 732 5

1028 1117 1053 1158 10

1028 1539 1053 1579 15

1027 1963 1053 2003 20

1028 2383 1053 2426 25
