2446 3964
201 134 243 199 80
499 133 591 184 lusu.
610 133 762 186 ARITHM.
782 133 823 194 11,
843 136 867 184 2.

202 379 245 435 De
271 378 439 434 inveniendo
461 380 491 432 in
514 390 683 448 ursoquoque
705 391 824 432 numero
846 381 914 447 quot
940 390 1075 432 numeros
1098 380 1182 435 eius·

201 465 264 520 dem
290 465 489 534 proportionis
512 464 609 544 possit
631 462 812 532 praecedere
833 475 988 540 eorumque
1015 463 1182 534 descriptio

469 548 729 618 descriptionisque
750 547 901 617 expositio.

22 705 99 760 :nei
266 695 302 755 ll.
326 695 378 755 Est
394 701 490 756 autem
508 693 651 771 quaedam
667 693 818 753 inhaere
833 691 981 770 profunda
993 700 1023 752 et
1036 694 1181 756 miranda

177 779 365 861 sspeoutatio
393 787 422 840 el
446 787 478 839 ut
506 780 546 838 ait
573 777 770 838 Nicomachus
792 783 997 837 enmusolaton
1020 776 1181 840 theorema

203 865 361 945 proficiens
383 870 411 924 et
432 863 467 924 ad
489 862 668 924 Platonicam
692 863 721 920 in
738 863 858 922 Timaeo
875 861 989 922 animae
1005 865 1181 938 generatio·

203 969 271 1010 nem
289 956 318 1009 et
333 949 369 1009 ad
389 947 541 1009 intervalla
563 949 732 1007 armonicae
754 944 935 1026 disciplinae.
974 946 1017 1006 lbi
1034 948 1114 1007 enirn
1131 950 1181 1009 iu·

193 1027 311 1094 slemur
326 1034 493 1112 producere
517 1040 605 1110 atquc
626 1031 788 1092 extendere
809 1040 870 1091 tres
890 1030 936 1091 vel
958 1037 1096 1111 quattuor
1113 1051 1181 1094 ses-

206 1117 357 1196 qualteros
379 1117 422 1176 vel
444 1115 587 1196 quotlibet
608 1117 811 1195 sesquitertias
833 1117 1042 1195 proportiones
1063 1124 1092 1176 et
1114 1136 1182 1178 ses-

167 1204 376 1281 1oquiquartas
398 1203 636 1281 comparationes
665 1218 773 1280 easque
800 1200 962 1261 secuudum
988 1203 1182 1280 propositum

195 1286 341 1368 prdinem
363 1303 451 1365 saepe
475 1287 628 1346 continuas
649 1286 787 1345 iubemur
809 1285 978 1346 extendere.
1010 1285 1053 1346 Ne
1076 1295 1183 1347 autem

207 1373 263 1431 hoc
278 1370 380 1430 labore
397 1369 538 1448 quodam,
556 1388 674 1451 semper
692 1370 809 1448 quidem
832 1371 974 1440 maximo,
992 1369 1183 1450 frequentius

113 1471 192 1548 ¹0th
206 1456 328 1516 inferaci
354 1455 419 1524 irat,
435 1441 503 1515 ¹(hac
528 1453 614 1515 nobis
643 1456 759 1515 ratione
780 1456 808 1515 in
831 1462 901 1534 quot
922 1455 1053 1514 numeris
1074 1459 1184 1534 quanti

74 1551 112 1567 “··“
124 1520 157 1565 *¹
175 1533 183 1544 ”
205 1543 321 1621 possint
337 1557 401 1600 esse
416 1539 700 1620 superparticulares
718 1540 920 1618 vestigandum
937 1527 993 1600 est?

168 1639 193 1678 15
271 1625 381 1686 Omnes
408 1625 485 1684 enirn
512 1624 690 1702 multiplices
715 1631 863 1684 tantarum
891 1622 1030 1684 similium
1058 1623 1185 1686 sibimet

207 1711 433 1788 proportionum
449 1710 600 1787 principes
617 1715 715 1780 erunt,
740 1717 830 1787 quoto
855 1709 911 1787 ipsi
930 1706 995 1768 loco
1012 1709 1048 1769 ab
1064 1710 1184 1772 unitate

209 1793 408 1855 discesserint.
439 1791 524 1862 Quod
540 1800 636 1853 aulem
653 1794 719 1853 dico
736 1793 855 1854 sibimet
870 1792 1025 1864 similium,
1047 1793 1106 1854 tale
1123 1806 1182 1865 est,

67 1889 69 1898 ·
113 1879 117 1889 ’
154 1868 158 1881 ’
179 1879 190 1896 ·’
202 1873 240 1938 'ut
256 1877 337 1956 dupli
352 1896 470 1956 semper
485 1876 701 1956 multiplicitas,
720 1886 752 1939 ut
771 1879 908 1957 superius
924 1878 1104 1939 destinatum
1121 1888 1181 1951 est,

208 1962 407 2041 sesqualteros
423 1970 504 2023 creet
519 1971 548 2022 ct
564 1963 621 2022 dux
637 1964 674 2022 sit
688 1963 794 2041 triplex
812 1964 1086 2040 sesquitertiorum,
1104 1983 1183 2043 qua·

169 2059 195 2099 20
209 2046 333 2127 druplus
353 2049 576 2126 sesquiquartis
608 2047 727 2108 Primus
749 2065 820 2125 ergo
843 2047 952 2125 duplex
973 2065 1064 2109 unum
1080 2048 1185 2110 solum

208 2132 328 2193 habebit
343 2131 576 2209 sesqualterum,
599 2133 748 2192 secundus
770 2133 842 2202 duo,
866 2134 970 2192 tertius
985 2139 1062 2203 tres,
1087 2150 1183 2210 quar·

207 2226 255 2279 tus
272 2225 412 2296 quattuor
428 2225 456 2278 ct
472 2218 635 2279 secundum
653 2217 731 2277 laune
748 2216 882 2278 ordinem
900 2216 1002 2277 eadem
1019 2218 1051 2276 fit
1066 2217 1095 2276 in
1113 2219 1183 2278 inli-

207 2304 300 2363 nitum
317 2305 503 2382 progressio,
526 2319 623 2379 neque
645 2319 775 2380 unquam
801 2301 865 2362 lieri
886 2308 997 2379 potest,
1020 2310 1053 2362 ut
1067 2301 1113 2362 vel
1130 2321 1184 2363 su-

208 2393 293 2463 peret
318 2389 545 2465 proportionum
572 2403 729 2446 munierum
757 2385 801 2446 vel
828 2385 864 2446 ab
888 2404 922 2446 eo
939 2388 978 2446 sit
998 2386 1184 2448 deminutior

27 2485 34 2503 ¹
63 2468 86 2506 1*-
135 2494 140 2506 ¹
170 2482 195 2522 25
210 2469 372 2547 aequabilis
397 2470 433 2529 ab
462 2472 573 2531 unitate
598 2470 716 2532 locatio.
759 2472 877 2531 Primus
903 2488 973 2549 ergo
1000 2470 1109 2551 duplex
1136 2484 1186 2534 cst

209 2654 309 2705 solutio
330 2659 373 2704 est
391 2653 414 2715 i,
434 2669 459 2716 s;
480 2658 523 2705 est
540 2670 621 2720 supra
638 2672 736 2706 versum
754 2657 772 2706 1.
844 2659 858 2705 1
881 2659 1050 2707 diuturnam.
1071 2673 1094 2716 c,
1110 2658 1134 2720 f3
1157 2662 1186 2709 in

209 2724 322 2787 marpine
342 2721 366 2770 d.
392 2716 404 2785 Η
430 2721 629 2774 inveniendis.
653 2720 665 2789 Η
687 2725 716 2773 in
735 2741 781 2774 om.
801 2723 831 2785 b,
851 2724 882 2789 d,
901 2725 920 2775 1.
944 2721 955 2790 Η
980 2739 1046 2789 quos
1066 2742 1091 2788 a,
1113 2741 1138 2790 e,
1163 2728 1184 2790 f,

209 2805 235 2852 r,
255 2804 281 2851 s;
302 2789 373 2853 quod
393 2789 418 2841 d.
487 2792 502 2839 2
521 2790 609 2855 possit
626 2787 805 2856 praecedere]
827 2792 979 2856 praecedat
997 2807 1019 2842 s.
1101 2796 1117 2844 3
1135 2793 1186 2844 de-

174 2893 177 2898 -
209 2857 422 2921 scriptionisque
443 2859 578 2923 expositio
597 2875 684 2914 orna.
709 2855 720 2926 Η
744 2860 889 2924 dispositio
907 2862 934 2913 b.
989 2861 1048 2927 din
1063 2863 1187 2912 enmusi-

210 2928 289 2974 taton
304 2941 334 2986 εις
355 2928 553 2988 enmusitaton,
575 2944 599 2991 c,
613 2927 639 2989 d,
653 2943 678 2986 s;
699 2928 727 2976 in
739 2944 819 2992 supru
831 2943 863 2977 en
875 2929 908 2989 b3
929 2943 964 2978 en
973 2931 1079 2978 musica
1093 2933 1143 2979 ton
1157 2946 1187 2992 r;

212 2989 468 3045 ΗΝΜΥΕΙΤΛΤΟΝ
492 2995 511 3043 l.
543 2990 556 3060 Η
583 2999 688 3045 torema
713 2996 743 3056 b3
775 2992 943 3048 ΘΕωΡΕΜΛ
966 2996 984 3049 l.
1078 2999 1109 3046 11
1129 2996 1188 3048 hoc

210 3065 301 3110 eutem
317 3077 340 3110 c,
412 3065 443 3113 13
462 3064 491 3111 in
509 3078 593 3116 omn.
665 3065 698 3112 14
716 3063 939 3128 investigandum
959 3081 989 3127 a,
1009 3064 1029 3124 i,
1049 3079 1075 3126 s;
1095 3067 1188 3116 vesti-

211 3128 340 3193 gandum,
354 3133 444 3181 addito
456 3147 536 3195 supra
548 3147 647 3180 versum
659 3133 687 3180 in
700 3131 717 3194 1,
732 3146 752 3183 r.
773 3132 782 3142 ”
807 3133 838 3182 18
851 3129 1023 3198 distinctum]
1039 3132 1144 3182 dictum
1162 3150 1189 3183 c.

212 3198 242 3245 19
262 3202 338 3246 creet
356 3214 436 3262 supra
454 3215 551 3249 versent
569 3213 589 3248 r.
614 3194 626 3264 Η
650 3202 737 3250 elom.
752 3198 777 3247 d.
802 3194 814 3265 Η
839 3200 940 3265 triplex
952 3202 990 3250 sit
1002 3215 1023 3252 r.
1077 3202 1112 3250 20
1126 3215 1188 3251 ses-

211 3264 418 3328 quiquerlorum
437 3282 468 3330 n3
488 3267 673 3332 sesquiquarti
692 3282 719 3330 s3
745 3269 969 3332 sesquiquartus,
993 3283 1025 3317 us
1043 3269 1069 3316 in
1088 3268 1112 3317 is
1131 3285 1190 3318 rriu-

210 3339 277 3394 tnto,
299 3349 326 3394 c,
346 3349 368 3384 r.
456 3337 487 3385 21
508 3334 561 3385 duo
584 3342 694 3389 correct.
717 3338 743 3385 in
767 3333 834 3386 duos
859 3351 890 3397 a;
911 3337 963 3385 ·11·
984 3351 1007 3385 c.
1031 3331 1043 3401 Η
1070 3335 1138 3386 ·III·
1163 3354 1188 3388 c.

210 3401 242 3449 22
262 3400 333 3451 ·IIII·
354 3418 378 3452 c.
402 3398 413 3469 Η
437 3406 474 3454 sit
492 3419 517 3466 a,
537 3404 563 3462 b,
585 3419 609 3465 c,
628 3403 647 3455 f.
670 3399 682 3469 Η
706 3403 843 3453 infinitam
863 3419 886 3454 c.
957 3405 989 3452 24
1008 3417 1138 3453 numerus
1162 3422 1207 3463 am

210 3469 244 3519 25
263 3469 363 3534 duplus
382 3472 403 3525 f,
998 3495 1002 3502 ·
