2398 3968
174 162 218 227 34
477 163 569 216 Inar.
588 164 741 218 ARITHM.
759 167 787 228 1,
808 168 847 216 17.

153 333 288 418 x<XXXV.
319 333 458 396 XXXVII.
485 332 650 396 XXXVIIII.
683 334 755 396 XLI.
792 333 891 396 XLIII.
922 334 1005 396 XLV.
1035 335 1144 398 XLVII.

175 419 229 480 His
249 420 339 497 Igitur
359 421 398 480 ita
422 419 572 496 dispositis
588 419 851 490 considerandum,
873 421 988 499 prImus
1003 438 1146 482 numerus

177 521 265 581 quem
288 521 406 574 eorum,
430 505 481 582 qui
504 514 572 565 sunt
592 504 622 566 in
643 505 747 566 ordine
767 505 869 584 positi,
898 506 1027 582 primum
1048 507 1146 566 metiri

153 585 276 666 ''possit
322 589 380 650 Sed
410 588 526 652 duobus
549 591 720 668 praeteritis
739 588 837 658 illum,
869 591 919 668 qui
941 597 1009 668 post
1028 609 1079 650 eos
1101 599 1144 652 est

149 675 303 752 apositus,
331 693 399 736 mox
421 675 556 742 roetitur,
580 681 623 742 et,
645 675 670 735 si
692 682 757 752 post
778 673 905 736 eundem
920 675 1035 753 ipsum,
1057 694 1142 754 quem

23 769 51 840 J>
174 776 296 820 mensus
318 767 377 828 est,
402 758 451 819 aiii
466 759 525 819 duo
540 759 705 820 transmissi
720 760 792 829 sint,
815 757 899 820 iilum
922 761 973 837 qui
989 771 1056 838 post
1071 760 1147 821 duos

175 851 228 914 est,
244 861 350 906 rursus
365 845 501 914 metitur,
518 851 548 904 et
562 843 666 906 eodem
683 843 788 913 modo,
806 845 831 904 si
847 845 920 906 duos
936 845 1001 922 quis
1016 843 1143 922 relique-

176 931 227 998 rit,
255 938 323 1009 post
349 947 400 990 eos
426 930 476 1009 qui
503 936 561 998 est,
589 947 604 988 a
626 929 724 1006 primo
743 946 868 990 numero
899 929 1065 990 metiendus
1085 939 1143 996 est3

174 1014 339 1092 eodemque
365 1013 453 1076 modo
475 1012 587 1074 relictis
609 1031 727 1092 semper
748 1012 863 1074 duobus
885 1031 987 1076 omnes
1010 1033 1025 1074 a
1047 1016 1148 1094 primo

136 1100 205 1176 rozio
220 1099 366 1160 infinitum
382 1106 541 1177 pergentes
557 1098 722 1160 metientur.

238 1182 296 1243 Sed
311 1182 342 1244 id
358 1201 420 1244 non
434 1182 521 1262 vulgo
538 1201 635 1263 neque
651 1183 781 1246 eoniuse.
819 1183 891 1244 Nam
909 1184 1025 1261 primus
1040 1201 1146 1244 nume-

174 1266 344 1335 rusilium,
377 1270 427 1345 qui
448 1276 492 1328 est
512 1276 579 1348 post
600 1269 673 1328 duos
694 1267 858 1329 seeundum
880 1287 912 1329 se
933 1267 1059 1339 locatos,
1090 1286 1148 1345 per

174 1369 257 1412 suam
286 1354 478 1431 quantitatem
501 1353 628 1414 metitur.
679 1353 840 1414 Ternarius
869 1353 947 1414 enim
968 1353 1145 1414 intermissis

175 1436 290 1498 duobus
306 1437 335 1498 id
351 1444 395 1498 est
412 1438 453 1496 ·V·
471 1445 500 1498 et
517 1436 585 1498 ·VII·
603 1438 794 1502 novenarium
811 1439 949 1507 metitur,
974 1443 1004 1498 ει
1018 1437 1076 1498 hoe
1090 1456 1148 1517 per

136 1538 161 1576 15
175 1539 257 1583 suam
274 1523 465 1602 quantitatem
487 1523 515 1582 id
538 1531 581 1583 est
596 1540 650 1603 per
666 1524 841 1582 ternarium.
887 1522 1049 1584 Ternarius
1065 1525 1147 1583 enim

174 1625 316 1669 numerus
343 1609 430 1668 tertio
454 1607 550 1668 ·VIIII·
575 1609 704 1668 metitur.
758 1606 788 1666 Si
809 1615 906 1668 autem
928 1615 995 1684 post
1014 1624 1144 1668 novena·

145 1719 147 1732 =
173 1693 249 1752 rium
277 1692 352 1752 duos
378 1692 540 1770 reliquero,
570 1693 620 1771 qui
646 1691 718 1752 mihi
744 1700 811 1769 post
835 1690 903 1752 illos
923 1693 1099 1763 incurrerit,
1130 1712 1146 1752 a

173 1778 269 1854 primo
291 1775 456 1838 metiendus
478 1787 521 1837 est
540 1795 594 1857 per
617 1777 739 1837 secundi
753 1777 865 1855 inparis
880 1777 1090 1855 quantitatem,
1115 1778 1147 1838 id

174 1867 218 1920 est
242 1879 295 1939 per
317 1862 494 1938 quinarium.
539 1861 612 1921 Nam
634 1863 659 1922 si
680 1867 748 1939 post
765 1860 859 1922 ·VIIII·
877 1861 951 1923 duos
966 1859 1147 1939 relinquam,

49 2019 55 2030 l
135 1962 160 2002 eo
173 1945 203 2004 id
226 1954 269 2006 est
292 1943 349 2005 ·XI·
367 1953 396 2005 et
414 1944 498 2005 XIII·
521 1947 670 2007 ternarius
691 1963 833 2007 numerus
850 1945 919 2006 ·XV·
936 1947 1075 2006 metietur
1090 1963 1148 2024 per

11 2054 104 2115 ,μμυ
173 2031 294 2092 seouudi
311 2032 428 2092 numeri
444 2031 653 2108 quantitatem,
671 2030 698 2091 id
715 2039 760 2092 est
775 2049 829 2110 per
845 2030 987 2109 quinarii
1004 2033 1147 2110 quoniam
1196 2047 1197 2102 t

36 2135 38 2146 ·
172 2118 322 2178 ternarius
339 2115 407 2176 XV·
426 2115 581 2195 quinquies
603 2116 733 2176 metitur.
780 2115 894 2176 Rursus
910 2117 934 2176 si
949 2133 965 2175 a
982 2115 1148 2195 quindena-

172 2205 217 2262 rio
239 2201 382 2263 inchoans
402 2201 477 2262 duos
496 2201 699 2270 intermisero,
721 2203 770 2280 qui
791 2201 940 2278 posterior
961 2201 1075 2280 positus
1091 2210 1148 2272 est,

173 2289 235 2347 eius
256 2289 370 2364 primus
392 2305 534 2348 numerus
556 2304 695 2348 mensura
717 2293 761 2346 est
782 2304 835 2364 per
857 2287 937 2346 tertii
952 2285 1063 2362 inparis
1079 2286 1150 2363 plu·
1196 2301 1197 2348 t

134 2386 159 2424 25
173 2369 326 2430 ralitatem.
357 2372 429 2432 Nam
451 2373 476 2432 si
491 2380 558 2451 post
574 2371 642 2432 XV·
655 2372 842 2432 intermisero
856 2369 951 2430 XVII·
965 2377 995 2430 et
1009 2369 1147 2442 XVIIII,

172 2456 298 2516 incurrit
314 2454 416 2526 ·XXI·,
440 2475 527 2535 quem
548 2457 695 2518 teruarIus
709 2473 852 2517 numerus
867 2455 1032 2516 seeundum
1047 2463 1148 2532 septe·
1196 2465 1197 2498 ³

172 2540 286 2600 narium
303 2541 432 2604 metitur.
455 2540 539 2600 XXI·
557 2543 635 2602 enim
651 2541 768 2602 numeri
781 2541 1061 2620 ternariusseptima
1075 2558 1148 2618 pars

173 2633 231 2694 est,
254 2633 342 2703 atque
364 2624 430 2686 ideo
448 2624 506 2684 hoo
521 2627 552 2684 in
570 2626 715 2685 infinitum
731 2626 843 2687 fatiens
857 2627 997 2703 repperio
1013 2626 1147 2702 primum

172 2726 345 2777 numerum,
369 2709 394 2770 si
413 2708 499 2770 binos
518 2710 726 2780 intermiserit,
752 2728 854 2771 omnes
877 2717 1034 2787 sequentes
1054 2727 1148 2788 posse
1196 2721 1197 2786 t

134 2808 159 2848 ao
173 2795 269 2855 metiri
290 2792 452 2855 seeundum
475 2795 667 2873 quantitatem
688 2797 852 2874 positorum
874 2794 978 2855 ordine
994 2796 1146 2874 inparium

171 2897 375 2940 numerorum.

240 3050 253 3097 1
276 3048 422 3099 XLVIIII·
448 3049 521 3098 addit
538 3050 570 3111 b,
594 3049 742 3100 ·ΧΙᾸῘΙΙΙΙΙ
766 3049 819 3099 ·LI·
840 3049 860 3098 f.
930 3045 1147 3098 2oonsideran-

171 3116 233 3165 dum
251 3121 294 3168 est
311 3118 335 3181 f,
353 3117 378 3178 l;
399 3120 441 3167 est
457 3132 539 3180 supra
556 3133 654 3167 versum
672 3118 746 3168 dohet
763 3119 791 3169 b.
861 3118 960 3166 dsunt
979 3131 1002 3178 a,
1022 3116 1042 3165 f.
1079 3121 1150 3166 sunt
1196 3119 1197 3126 ’

170 3200 264 3235 rasura
282 3188 308 3236 io
326 3185 381 3235 sint
397 3192 515 3235 mutatum
532 3200 554 3237 r.
597 3186 651 3242 ⁴ll
670 3201 750 3250 supra
766 3185 864 3250 vulgo:
884 3188 926 3235 est
942 3185 971 3236 b.
1037 3185 1068 3234 13
1087 3199 1147 3235 me·
1196 3193 1197 3226 i

170 3254 239 3302 tItur
256 3293 324 3308 ....
344 3269 422 3304 suam
441 3253 624 3316 quantitatem
642 3269 689 3306 om.
708 3253 726 3304 f.
797 3254 830 3302 22
848 3253 978 3303 metietur
997 3267 1022 3303 a.
1048 3247 1060 3317 ΙΙ
1084 3253 1147 3315 qni-

170 3322 248 3372 nerio
269 3338 297 3385 e,
316 3340 337 3372 r.
408 3322 442 3370 26
458 3321 608 3371 vicesimus
626 3336 697 3371 unus
716 3336 745 3384 e,
766 3337 791 3384 s,
819 3320 969 3372 vicesimus
995 3321 1024 3370 ·I·
1045 3333 1072 3380 e,
1101 3321 1147 3369 vi·
1196 3375 1197 3384 μ

170 3391 242 3455 giuti
260 3405 329 3441 unus
347 3392 380 3452 b,
399 3389 423 3438 d.
480 3391 513 3439 et
531 3390 659 3439 vicesimi
678 3389 750 3440 enim
768 3390 850 3454 primi
867 3390 880 3438 f
888 3427 894 3453 ‚
913 3387 1042 3440 vieesImi
1061 3388 1147 3452 primi

171 3459 283 3511 enims.
339 3458 372 3508 28
390 3457 453 3507 ideo
472 3459 601 3522 expunxit
618 3457 644 3507 b.
702 3460 736 3508 29
755 3457 937 3508 intermiseris
956 3473 981 3520 a,
1001 3457 1021 3506 f.
1044 3453 1056 3522 l]
1080 3461 1147 3520 post
1196 3497 1197 3518 μ

169 3542 200 3577 se
221 3543 250 3591 a,
269 3527 300 3590 b,
320 3542 349 3591 o,
369 3541 389 3576 s.
