<?xml version="1.0" encoding="UTF-8"?>
<!DOCTYPE html PUBLIC "-//W3C//DTD XHTML 1.0 Transitional//EN"
    "http://www.w3.org/TR/xhtml1/DTD/xhtml1-transitional.dtd">
<html xmlns="http://www.w3.org/1999/xhtml" xml:lang="en" lang="en">
 <head>
  <title>
</title>
<meta http-equiv="Content-Type" content="text/html;charset=utf-8" />
  <meta name='ocr-system' content='tesseract 3.04.00' />
  <meta name='ocr-capabilities' content='ocr_page ocr_carea ocr_par ocr_line ocrx_word'/>
</head>
<body>
  <div class='ocr_page' id='page_1' title='image "aniciimanliitor01friegoog_0107.png"; bbox 0 0 2444 3980; ppageno 0'>
   <div class='ocr_carea' id='block_1_1' title="bbox 185 166 842 231">
    <p class='ocr_par' dir='ltr' id='par_1_1' title="bbox 185 166 842 231">
     <span class='ocr_line' id='line_1_1' title="bbox 185 166 842 231; baseline 0.002 -13"><span class='ocrx_word' id='word_1_1' title='bbox 185 167 227 231; x_wconf 77' lang='lat'><strong>88</strong></span> <span class='ocrx_word' id='word_1_2' title='bbox 477 166 569 218; x_wconf 77' lang='lat' dir='ltr'><strong>rusa.</strong></span> <span class='ocrx_word' id='word_1_3' title='bbox 589 167 738 218; x_wconf 73' lang='lat' dir='ltr'><strong>aaaron.</strong></span> <span class='ocrx_word' id='word_1_4' title='bbox 757 169 798 231; x_wconf 91' lang='lat'><strong>11,</strong></span> <span class='ocrx_word' id='word_1_5' title='bbox 817 171 842 220; x_wconf 87' lang='lat'><strong>4.</strong></span> 
     </span>
    </p>
   </div>
   <div class='ocr_carea' id='block_1_2' title="bbox 36 335 1201 2870">
    <p class='ocr_par' dir='ltr' id='par_1_2' title="bbox 186 335 1201 590">
     <span class='ocr_line' id='line_1_2' title="bbox 187 335 1201 416; baseline -0.002 -16"><span class='ocrx_word' id='word_1_6' title='bbox 187 339 261 400; x_wconf 87' lang='lat' dir='ltr'>nihil</span> <span class='ocrx_word' id='word_1_7' title='bbox 276 339 409 398; x_wconf 88' lang='lat' dir='ltr'><strong>interest.</strong></span> <span class='ocrx_word' id='word_1_8' title='bbox 441 337 496 397; x_wconf 90' lang='lat' dir='ltr'><strong>·Vl·</strong></span> <span class='ocrx_word' id='word_1_9' title='bbox 516 339 594 398; x_wconf 90' lang='lat' dir='ltr'><strong>enim</strong></span> <span class='ocrx_word' id='word_1_10' title='bbox 611 345 640 398; x_wconf 88' lang='lat' dir='ltr'><strong>et</strong></span> <span class='ocrx_word' id='word_1_11' title='bbox 657 337 711 397; x_wconf 90' lang='lat' dir='ltr'><strong>·Vl·</strong></span> <span class='ocrx_word' id='word_1_12' title='bbox 727 336 806 398; x_wconf 93' lang='lat' dir='ltr'><strong>nulla</strong></span> <span class='ocrx_word' id='word_1_13' title='bbox 823 339 909 416; x_wconf 91' lang='lat' dir='ltr'><strong>spatii</strong></span> <span class='ocrx_word' id='word_1_14' title='bbox 924 335 1082 398; x_wconf 88' lang='lat' dir='ltr'><strong>intervalla</strong></span> <span class='ocrx_word' id='word_1_15' title='bbox 1100 339 1156 398; x_wconf 90' lang='lat' dir='ltr'><strong>dis·</strong></span> <span class='ocrx_word' id='word_1_16' title='bbox 1200 353 1201 416; x_wconf 64' lang='lat' dir='ltr'><strong>l</strong></span> 
     </span>
     <span class='ocr_line' id='line_1_3' title="bbox 186 409 1157 501; baseline -0.004 -17"><span class='ocrx_word' id='word_1_17' title='bbox 186 409 323 501; x_wconf 47' lang='lat' dir='ltr'><strong>iungunt?</strong></span> <span class='ocrx_word' id='word_1_18' title='bbox 358 421 400 482; x_wconf 93' lang='lat' dir='ltr'><strong>lta</strong></span> <span class='ocrx_word' id='word_1_19' title='bbox 428 423 515 482; x_wconf 90' lang='lat' dir='ltr'><strong>etiam</strong></span> <span class='ocrx_word' id='word_1_20' title='bbox 542 425 639 482; x_wconf 85' lang='lat' dir='ltr'><strong>unitas</strong></span> <span class='ocrx_word' id='word_1_21' title='bbox 665 424 694 482; x_wconf 93' lang='lat' dir='ltr'><strong>in</strong></span> <span class='ocrx_word' id='word_1_22' title='bbox 721 440 752 482; x_wconf 88' lang='lat' dir='ltr'><strong>se</strong></span> <span class='ocrx_word' id='word_1_23' title='bbox 780 423 841 501; x_wconf 86' lang='lat' dir='ltr'><strong>ipsa</strong></span> <span class='ocrx_word' id='word_1_24' title='bbox 864 421 1062 501; x_wconf 85' lang='lat' dir='ltr'><strong>multiplicata</strong></span> <span class='ocrx_word' id='word_1_25' title='bbox 1084 422 1157 481; x_wconf 89' lang='lat' dir='ltr'><strong>nihil</strong></span> 
     </span>
     <span class='ocr_line' id='line_1_4' title="bbox 186 506 1157 590; baseline -0.003 -21"><span class='ocrx_word' id='word_1_26' title='bbox 186 514 335 590; x_wconf 79' lang='lat' dir='ltr'><strong>procreat.</strong></span> <span class='ocrx_word' id='word_1_27' title='bbox 353 506 451 567; x_wconf 87' lang='lat' dir='ltr'><strong>Semel</strong></span> <span class='ocrx_word' id='word_1_28' title='bbox 467 508 545 566; x_wconf 91' lang='lat' dir='ltr'><strong>enim</strong></span> <span class='ocrx_word' id='word_1_29' title='bbox 561 525 652 567; x_wconf 91' lang='lat' dir='ltr'><strong>unum</strong></span> <span class='ocrx_word' id='word_1_30' title='bbox 670 507 742 566; x_wconf 80' lang='lat' dir='ltr'>nihil</span> <span class='ocrx_word' id='word_1_31' title='bbox 757 506 833 567; x_wconf 89' lang='lat' dir='ltr'><strong>aliud</strong></span> <span class='ocrx_word' id='word_1_32' title='bbox 848 526 882 566; x_wconf 90' lang='lat' dir='ltr'><strong>ex</strong></span> <span class='ocrx_word' id='word_1_33' title='bbox 898 525 929 566; x_wconf 86' lang='lat' dir='ltr'><strong>se</strong></span> <span class='ocrx_word' id='word_1_34' title='bbox 945 509 1050 584; x_wconf 84' lang='lat' dir='ltr'><strong>gignit,</strong></span> <span class='ocrx_word' id='word_1_35' title='bbox 1070 525 1157 584; x_wconf 89' lang='lat' dir='ltr'><strong>quam</strong></span> 
     </span>
    </p>

    <p class='ocr_par' dir='ltr' id='par_1_3' title="bbox 151 590 1201 849">
     <span class='ocr_line' id='line_1_5' title="bbox 187 590 1201 674; baseline -0.002 -22"><span class='ocrx_word' id='word_1_36' title='bbox 187 595 250 672; x_wconf 89' lang='lat' dir='ltr'><strong>ipsa</strong></span> <span class='ocrx_word' id='word_1_37' title='bbox 267 600 319 654; x_wconf 91' lang='lat' dir='ltr'><strong>est.</strong></span> <span class='ocrx_word' id='word_1_38' title='bbox 353 590 426 651; x_wconf 90' lang='lat' dir='ltr'><strong>Nam</strong></span> <span class='ocrx_word' id='word_1_39' title='bbox 449 591 526 670; x_wconf 92' lang='lat' dir='ltr'><strong>quod</strong></span> <span class='ocrx_word' id='word_1_40' title='bbox 547 591 703 652; x_wconf 87' lang='lat' dir='ltr'><strong>intervallo</strong></span> <span class='ocrx_word' id='word_1_41' title='bbox 719 599 814 662; x_wconf 84' lang='lat' dir='ltr'><strong>earet,</strong></span> <span class='ocrx_word' id='word_1_42' title='bbox 838 593 925 652; x_wconf 87' lang='lat' dir='ltr'><strong>etiam</strong></span> <span class='ocrx_word' id='word_1_43' title='bbox 940 593 997 651; x_wconf 80' lang='lat' dir='ltr'><strong>uim</strong></span> <span class='ocrx_word' id='word_1_44' title='bbox 1013 591 1159 668; x_wconf 88' lang='lat' dir='ltr'><strong>gignendi</strong></span> <span class='ocrx_word' id='word_1_45' title='bbox 1200 605 1201 674; x_wconf 41' lang='lat' dir='ltr'><strong>t</strong></span> 
     </span>
     <span class='ocr_line' id='line_1_6' title="bbox 162 675 1160 756; baseline 0.002 -24"><span class='ocrx_word' id='word_1_46' title='bbox 162 675 340 738; x_wconf 79' lang='lat' dir='ltr'><strong>sintervalla</strong></span> <span class='ocrx_word' id='word_1_47' title='bbox 356 694 415 736; x_wconf 91' lang='lat' dir='ltr'><strong>non</strong></span> <span class='ocrx_word' id='word_1_48' title='bbox 432 677 551 753; x_wconf 80' lang='lat' dir='ltr'><strong>recipit,</strong></span> <span class='ocrx_word' id='word_1_49' title='bbox 574 677 652 756; x_wconf 92' lang='lat' dir='ltr'><strong>quod</strong></span> <span class='ocrx_word' id='word_1_50' title='bbox 673 676 702 735; x_wconf 90' lang='lat' dir='ltr'><strong>in</strong></span> <span class='ocrx_word' id='word_1_51' title='bbox 725 676 787 738; x_wconf 88' lang='lat' dir='ltr'><strong>aliis</strong></span> <span class='ocrx_word' id='word_1_52' title='bbox 810 679 941 738; x_wconf 93' lang='lat' dir='ltr'><strong>numeris</strong></span> <span class='ocrx_word' id='word_1_53' title='bbox 962 695 1023 736; x_wconf 88' lang='lat' dir='ltr'><strong>non</strong></span> <span class='ocrx_word' id='word_1_54' title='bbox 1040 677 1160 736; x_wconf 84' lang='lat' dir='ltr'><strong>videtur</strong></span> 
     </span>
     <span class='ocr_line' id='line_1_7' title="bbox 151 746 1201 849; baseline -0.005 -26"><span class='ocrx_word' id='word_1_55' title='bbox 151 767 314 849; x_wconf 34' lang='lat' dir='ltr'><strong>devenire.</strong></span> <span class='ocrx_word' id='word_1_56' title='bbox 340 746 450 821; x_wconf 71' lang='lat' dir='ltr'><strong>s(ininis</strong></span> <span class='ocrx_word' id='word_1_57' title='bbox 471 761 549 820; x_wconf 91' lang='lat' dir='ltr'><strong>enim</strong></span> <span class='ocrx_word' id='word_1_58' title='bbox 566 779 708 822; x_wconf 89' lang='lat' dir='ltr'><strong>numerus</strong></span> <span class='ocrx_word' id='word_1_59' title='bbox 730 761 760 820; x_wconf 93' lang='lat' dir='ltr'><strong>in</strong></span> <span class='ocrx_word' id='word_1_60' title='bbox 783 761 926 837; x_wconf 88' lang='lat' dir='ltr'><strong>seipsum</strong></span> <span class='ocrx_word' id='word_1_61' title='bbox 941 760 1162 840; x_wconf 84' lang='lat' dir='ltr'><strong>multiplicatus</strong></span> <span class='ocrx_word' id='word_1_62' title='bbox 1200 761 1201 800; x_wconf 76' lang='lat' dir='ltr'><strong>l</strong></span> 
     </span>
    </p>

    <p class='ocr_par' dir='ltr' id='par_1_4' title="bbox 36 842 1201 925">
     <span class='ocr_line' id='line_1_8' title="bbox 36 842 1201 925; baseline -0.006 -16"><span class='ocrx_word' id='word_1_63' title='bbox 36 896 49 909; x_wconf 78' lang='grc'><strong>.,</strong></span> <span class='ocrx_word' id='word_1_64' title='bbox 70 887 73 892; x_wconf 89' lang='grc'><strong>-</strong></span> <span class='ocrx_word' id='word_1_65' title='bbox 94 842 148 914; x_wconf 53' lang='grc' dir='ltr'><strong>ιεΓ</strong></span> <span class='ocrx_word' id='word_1_66' title='bbox 189 847 277 908; x_wconf 93' lang='lat' dir='ltr'><strong>alium</strong></span> <span class='ocrx_word' id='word_1_67' title='bbox 302 845 449 925; x_wconf 83' lang='lat' dir='ltr'>quendam</span> <span class='ocrx_word' id='word_1_68' title='bbox 472 845 560 905; x_wconf 86' lang='lat' dir='ltr'><strong>ellioit</strong></span> <span class='ocrx_word' id='word_1_69' title='bbox 580 848 739 914; x_wconf 87' lang='lat' dir='ltr'><strong>maiorem,</strong></span> <span class='ocrx_word' id='word_1_70' title='bbox 763 863 851 922; x_wconf 90' lang='lat' dir='ltr'><strong>quam</strong></span> <span class='ocrx_word' id='word_1_71' title='bbox 872 847 935 923; x_wconf 90' lang='lat' dir='ltr'><strong>ipse</strong></span> <span class='ocrx_word' id='word_1_72' title='bbox 952 854 1011 914; x_wconf 87' lang='lat' dir='ltr'><strong>est,</strong></span> <span class='ocrx_word' id='word_1_73' title='bbox 1036 845 1157 912; x_wconf 84' lang='lat' dir='ltr'><strong>ideireo,</strong></span> <span class='ocrx_word' id='word_1_74' title='bbox 1200 851 1201 924; x_wconf 72' lang='lat' dir='ltr'><strong>l</strong></span> 
     </span>
    </p>

    <p class='ocr_par' dir='ltr' id='par_1_5' title="bbox 46 925 1201 1011">
     <span class='ocr_line' id='line_1_9' title="bbox 46 925 1201 1011; baseline -0.008 -17"><span class='ocrx_word' id='word_1_75' title='bbox 46 933 80 986; x_wconf 76' lang='lat' dir='ltr'><strong>lu</strong></span> <span class='ocrx_word' id='word_1_76' title='bbox 91 933 102 986; x_wconf 83' lang='lat' dir='ltr'><strong>l·</strong></span> <span class='ocrx_word' id='word_1_77' title='bbox 189 933 326 1011; x_wconf 90' lang='lat' dir='ltr'><strong>quoniam</strong></span> <span class='ocrx_word' id='word_1_78' title='bbox 343 928 495 991; x_wconf 84' lang='lat' dir='ltr'><strong>intervalla</strong></span> <span class='ocrx_word' id='word_1_79' title='bbox 512 929 704 1006; x_wconf 87' lang='lat' dir='ltr'><strong>multiplicata</strong></span> <span class='ocrx_word' id='word_1_80' title='bbox 721 931 832 990; x_wconf 90' lang='lat' dir='ltr'><strong>maiore</strong></span> <span class='ocrx_word' id='word_1_81' title='bbox 851 947 915 990; x_wconf 86' lang='lat' dir='ltr'><strong>sese</strong></span> <span class='ocrx_word' id='word_1_82' title='bbox 931 931 1017 1007; x_wconf 88' lang='lat' dir='ltr'><strong>spatii</strong></span> <span class='ocrx_word' id='word_1_83' title='bbox 1035 928 1160 1008; x_wconf 82' lang='lat' dir='ltr'><strong>prolixi·</strong></span> <span class='ocrx_word' id='word_1_84' title='bbox 1200 925 1201 1006; x_wconf 67' lang='lat' dir='ltr'><strong>l</strong></span> 
     </span>
    </p>

    <p class='ocr_par' dir='ltr' id='par_1_6' title="bbox 150 1009 1201 1854">
     <span class='ocr_line' id='line_1_10' title="bbox 189 1013 1160 1093; baseline -0.005 -18"><span class='ocrx_word' id='word_1_85' title='bbox 189 1025 247 1078; x_wconf 90' lang='lat' dir='ltr'><strong>tate</strong></span> <span class='ocrx_word' id='word_1_86' title='bbox 259 1015 436 1076; x_wconf 85' lang='lat' dir='ltr'><strong>distendunt.</strong></span> <span class='ocrx_word' id='word_1_87' title='bbox 453 1013 486 1074; x_wconf 87' lang='lat' dir='ltr'><strong>ld</strong></span> <span class='ocrx_word' id='word_1_88' title='bbox 498 1032 578 1084; x_wconf 87' lang='lat' dir='ltr'><strong>vero,</strong></span> <span class='ocrx_word' id='word_1_89' title='bbox 593 1015 671 1093; x_wconf 88' lang='lat' dir='ltr'><strong>quod</strong></span> <span class='ocrx_word' id='word_1_90' title='bbox 684 1017 747 1074; x_wconf 87' lang='lat' dir='ltr'><strong>sino</strong></span> <span class='ocrx_word' id='word_1_91' title='bbox 759 1013 911 1074; x_wconf 89' lang='lat' dir='ltr'><strong>intervallo</strong></span> <span class='ocrx_word' id='word_1_92' title='bbox 924 1022 976 1085; x_wconf 91' lang='lat' dir='ltr'><strong>est,</strong></span> <span class='ocrx_word' id='word_1_93' title='bbox 989 1014 1061 1093; x_wconf 91' lang='lat' dir='ltr'><strong>plus</strong></span> <span class='ocrx_word' id='word_1_94' title='bbox 1074 1030 1160 1091; x_wconf 89' lang='lat' dir='ltr'><strong>quam</strong></span> 
     </span>
     <span class='ocr_line' id='line_1_11' title="bbox 150 1090 1201 1180; baseline -0.002 -23"><span class='ocrx_word' id='word_1_95' title='bbox 150 1118 176 1157; x_wconf 90' lang='lat'><strong>10</strong></span> <span class='ocrx_word' id='word_1_96' title='bbox 191 1104 253 1180; x_wconf 91' lang='lat' dir='ltr'><strong>ipsa</strong></span> <span class='ocrx_word' id='word_1_97' title='bbox 276 1109 321 1160; x_wconf 91' lang='lat' dir='ltr'><strong>est</strong></span> <span class='ocrx_word' id='word_1_98' title='bbox 342 1099 476 1177; x_wconf 88' lang='lat' dir='ltr'><strong>pariendi</strong></span> <span class='ocrx_word' id='word_1_99' title='bbox 498 1117 556 1158; x_wconf 93' lang='lat' dir='ltr'><strong>non</strong></span> <span class='ocrx_word' id='word_1_100' title='bbox 579 1099 669 1160; x_wconf 88' lang='lat' dir='ltr'><strong>habet</strong></span> <span class='ocrx_word' id='word_1_101' title='bbox 689 1090 889 1177; x_wconf 65' lang='lat' dir='ltr'><strong>potestateml</strong></span> <span class='ocrx_word' id='word_1_102' title='bbox 917 1099 961 1158; x_wconf 80' lang='lat' dir='ltr'><strong>Ex</strong></span> <span class='ocrx_word' id='word_1_103' title='bbox 988 1101 1049 1158; x_wconf 86' lang='lat' dir='ltr'><strong>hoe</strong></span> <span class='ocrx_word' id='word_1_104' title='bbox 1072 1099 1161 1176; x_wconf 87' lang='lat' dir='ltr'><strong>igitur</strong></span> <span class='ocrx_word' id='word_1_105' title='bbox 1200 1091 1201 1148; x_wconf 73' lang='grc' dir='ltr'>ἶ</span> 
     </span>
     <span class='ocr_line' id='line_1_12' title="bbox 189 1183 1201 1268; baseline -0.005 -24"><span class='ocrx_word' id='word_1_106' title='bbox 189 1185 349 1264; x_wconf 81' lang='lat' dir='ltr'><strong>principio,</strong></span> <span class='ocrx_word' id='word_1_107' title='bbox 366 1185 396 1243; x_wconf 89' lang='lat' dir='ltr'><strong>id</strong></span> <span class='ocrx_word' id='word_1_108' title='bbox 413 1190 457 1244; x_wconf 86' lang='lat' dir='ltr'><strong>est</strong></span> <span class='ocrx_word' id='word_1_109' title='bbox 472 1203 507 1244; x_wconf 88' lang='lat' dir='ltr'><strong>ex</strong></span> <span class='ocrx_word' id='word_1_110' title='bbox 519 1185 644 1254; x_wconf 88' lang='lat' dir='ltr'><strong>unitate,</strong></span> <span class='ocrx_word' id='word_1_111' title='bbox 661 1186 755 1263; x_wconf 89' lang='lat' dir='ltr'><strong>prima</strong></span> <span class='ocrx_word' id='word_1_112' title='bbox 774 1185 904 1244; x_wconf 90' lang='lat' dir='ltr'><strong>omnium</strong></span> <span class='ocrx_word' id='word_1_113' title='bbox 921 1183 1080 1262; x_wconf 81' lang='lat' dir='ltr'><strong>longitudo</strong></span> <span class='ocrx_word' id='word_1_114' title='bbox 1097 1199 1160 1241; x_wconf 88' lang='lat' dir='ltr'><strong>sue·</strong></span> <span class='ocrx_word' id='word_1_115' title='bbox 1200 1199 1201 1268; x_wconf 66' lang='lat'>{</span> 
     </span>
     <span class='ocr_line' id='line_1_13' title="bbox 191 1265 1201 1346; baseline 0.002 -18"><span class='ocrx_word' id='word_1_116' title='bbox 191 1270 311 1338; x_wconf 85' lang='lat' dir='ltr'><strong>erescit,</strong></span> <span class='ocrx_word' id='word_1_117' title='bbox 335 1287 411 1346; x_wconf 89' lang='lat' dir='ltr'><strong>quae</strong></span> <span class='ocrx_word' id='word_1_118' title='bbox 432 1287 447 1328; x_wconf 90' lang='lat' dir='ltr'><strong>a</strong></span> <span class='ocrx_word' id='word_1_119' title='bbox 472 1267 578 1328; x_wconf 89' lang='lat' dir='ltr'><strong>binarii</strong></span> <span class='ocrx_word' id='word_1_120' title='bbox 599 1269 715 1329; x_wconf 88' lang='lat' dir='ltr'><strong>numeri</strong></span> <span class='ocrx_word' id='word_1_121' title='bbox 736 1265 881 1346; x_wconf 85' lang='lat' dir='ltr'><strong>principio</strong></span> <span class='ocrx_word' id='word_1_122' title='bbox 901 1271 932 1327; x_wconf 92' lang='lat' dir='ltr'><strong>in</strong></span> <span class='ocrx_word' id='word_1_123' title='bbox 954 1277 1081 1328; x_wconf 84' lang='lat' dir='ltr'><strong>cunctos</strong></span> <span class='ocrx_word' id='word_1_124' title='bbox 1097 1282 1160 1327; x_wconf 88' lang='lat' dir='ltr'><strong>sese</strong></span> <span class='ocrx_word' id='word_1_125' title='bbox 1200 1269 1201 1330; x_wconf 87' lang='lat' dir='ltr'><strong>l</strong></span> 
     </span>
     <span class='ocr_line' id='line_1_14' title="bbox 190 1351 1201 1430; baseline -0.002 -16"><span class='ocrx_word' id='word_1_126' title='bbox 190 1370 332 1414; x_wconf 88' lang='lat' dir='ltr'><strong>numeros</strong></span> <span class='ocrx_word' id='word_1_127' title='bbox 348 1351 487 1429; x_wconf 81' lang='lat' dir='ltr'><strong>explieat,</strong></span> <span class='ocrx_word' id='word_1_128' title='bbox 506 1353 643 1430; x_wconf 90' lang='lat' dir='ltr'><strong>quoniam</strong></span> <span class='ocrx_word' id='word_1_129' title='bbox 661 1354 789 1430; x_wconf 92' lang='lat' dir='ltr'><strong>primum</strong></span> <span class='ocrx_word' id='word_1_130' title='bbox 807 1352 994 1413; x_wconf 84' lang='lat' dir='ltr'><strong>intervallum</strong></span> <span class='ocrx_word' id='word_1_131' title='bbox 1008 1352 1090 1414; x_wconf 87' lang='lat' dir='ltr'><strong>linea</strong></span> <span class='ocrx_word' id='word_1_132' title='bbox 1108 1356 1160 1411; x_wconf 85' lang='lat' dir='ltr'><strong>est.</strong></span> <span class='ocrx_word' id='word_1_133' title='bbox 1200 1401 1201 1412; x_wconf 67' lang='grc'>,</span> 
     </span>
     <span class='ocr_line' id='line_1_15' title="bbox 192 1435 1201 1514; baseline -0.008 -15"><span class='ocrx_word' id='word_1_134' title='bbox 192 1438 255 1499; x_wconf 87' lang='lat' dir='ltr'><strong>Duo</strong></span> <span class='ocrx_word' id='word_1_135' title='bbox 270 1455 341 1498; x_wconf 89' lang='lat' dir='ltr'><strong>vero</strong></span> <span class='ocrx_word' id='word_1_136' title='bbox 356 1436 508 1498; x_wconf 83' lang='lat' dir='ltr'><strong>intervalla</strong></span> <span class='ocrx_word' id='word_1_137' title='bbox 525 1444 593 1498; x_wconf 88' lang='lat' dir='ltr'><strong>sunt</strong></span> <span class='ocrx_word' id='word_1_138' title='bbox 608 1436 760 1514; x_wconf 88' lang='lat' dir='ltr'><strong>longitudo</strong></span> <span class='ocrx_word' id='word_1_139' title='bbox 777 1443 806 1498; x_wconf 89' lang='lat' dir='ltr'><strong>et</strong></span> <span class='ocrx_word' id='word_1_140' title='bbox 821 1436 958 1506; x_wconf 89' lang='lat' dir='ltr'><strong>latitudo,</strong></span> <span class='ocrx_word' id='word_1_141' title='bbox 975 1437 1004 1496; x_wconf 94' lang='lat' dir='ltr'><strong>id</strong></span> <span class='ocrx_word' id='word_1_142' title='bbox 1020 1443 1072 1497; x_wconf 87' lang='lat' dir='ltr'><strong>est</strong></span> <span class='ocrx_word' id='word_1_143' title='bbox 1086 1435 1160 1495; x_wconf 88' lang='lat' dir='ltr'><strong>linea</strong></span> <span class='ocrx_word' id='word_1_144' title='bbox 1200 1459 1201 1464; x_wconf 42' lang='lat'>¹</span> 
     </span>
     <span class='ocr_line' id='line_1_16' title="bbox 153 1519 1160 1601; baseline -0.009 -16"><span class='ocrx_word' id='word_1_145' title='bbox 153 1537 179 1577; x_wconf 83' lang='lat'><strong>15</strong></span> <span class='ocrx_word' id='word_1_146' title='bbox 193 1532 222 1585; x_wconf 89' lang='lat' dir='ltr'><strong>et</strong></span> <span class='ocrx_word' id='word_1_147' title='bbox 236 1523 417 1601; x_wconf 77' lang='lat' dir='ltr'><strong>superficies,</strong></span> <span class='ocrx_word' id='word_1_148' title='bbox 452 1522 521 1583; x_wconf 88' lang='lat' dir='ltr'><strong>Tria</strong></span> <span class='ocrx_word' id='word_1_149' title='bbox 543 1541 612 1583; x_wconf 89' lang='lat' dir='ltr'><strong>vero</strong></span> <span class='ocrx_word' id='word_1_150' title='bbox 629 1521 780 1582; x_wconf 88' lang='lat' dir='ltr'><strong>intervalla</strong></span> <span class='ocrx_word' id='word_1_151' title='bbox 801 1529 884 1582; x_wconf 91' lang='lat' dir='ltr'><strong>sunt:</strong></span> <span class='ocrx_word' id='word_1_152' title='bbox 908 1522 1078 1600; x_wconf 90' lang='lat' dir='ltr'><strong>longitudo,</strong></span> <span class='ocrx_word' id='word_1_153' title='bbox 1101 1519 1160 1579; x_wconf 92' lang='lat' dir='ltr'><strong>lati-</strong></span> 
     </span>
     <span class='ocr_line' id='line_1_17' title="bbox 192 1604 1201 1685; baseline -0.006 -17"><span class='ocrx_word' id='word_1_154' title='bbox 192 1609 278 1677; x_wconf 88' lang='lat' dir='ltr'><strong>tudo,</strong></span> <span class='ocrx_word' id='word_1_155' title='bbox 307 1607 443 1676; x_wconf 83' lang='lat' dir='ltr'><strong>altitudo,</strong></span> <span class='ocrx_word' id='word_1_156' title='bbox 472 1607 502 1667; x_wconf 88' lang='lat' dir='ltr'><strong>id</strong></span> <span class='ocrx_word' id='word_1_157' title='bbox 529 1615 572 1667; x_wconf 87' lang='lat' dir='ltr'><strong>est</strong></span> <span class='ocrx_word' id='word_1_158' title='bbox 593 1606 686 1676; x_wconf 86' lang='lat' dir='ltr'><strong>linea,</strong></span> <span class='ocrx_word' id='word_1_159' title='bbox 714 1606 886 1685; x_wconf 82' lang='lat' dir='ltr'><strong>superficies</strong></span> <span class='ocrx_word' id='word_1_160' title='bbox 907 1613 995 1685; x_wconf 71' lang='lat' dir='ltr'><strong>aupue</strong></span> <span class='ocrx_word' id='word_1_161' title='bbox 1016 1604 1161 1666; x_wconf 82' lang='lat' dir='ltr'><strong>soliditas.</strong></span> <span class='ocrx_word' id='word_1_162' title='bbox 1200 1653 1201 1656; x_wconf 63' lang='grc'>,</span> 
     </span>
     <span class='ocr_line' id='line_1_18' title="bbox 193 1691 1201 1769; baseline -0.008 -17"><span class='ocrx_word' id='word_1_163' title='bbox 193 1694 315 1754; x_wconf 89' lang='lat' dir='ltr'><strong>Praeter</strong></span> <span class='ocrx_word' id='word_1_164' title='bbox 337 1693 410 1752; x_wconf 88' lang='lat' dir='ltr'><strong>haee</strong></span> <span class='ocrx_word' id='word_1_165' title='bbox 431 1699 527 1752; x_wconf 91' lang='lat' dir='ltr'><strong>autem</strong></span> <span class='ocrx_word' id='word_1_166' title='bbox 552 1691 609 1751; x_wconf 93' lang='lat' dir='ltr'><strong>alia</strong></span> <span class='ocrx_word' id='word_1_167' title='bbox 629 1691 781 1752; x_wconf 88' lang='lat' dir='ltr'><strong>intervalla</strong></span> <span class='ocrx_word' id='word_1_168' title='bbox 804 1692 929 1750; x_wconf 83' lang='lat' dir='ltr'><strong>invertiri</strong></span> <span class='ocrx_word' id='word_1_169' title='bbox 948 1709 1008 1751; x_wconf 90' lang='lat' dir='ltr'><strong>non</strong></span> <span class='ocrx_word' id='word_1_170' title='bbox 1023 1693 1159 1769; x_wconf 87' lang='lat' dir='ltr'><strong>possunt.</strong></span> <span class='ocrx_word' id='word_1_171' title='bbox 1200 1729 1201 1732; x_wconf 16' lang='grc' dir='ltr'>η</span> 
     </span>
     <span class='ocr_line' id='line_1_19' title="bbox 179 1769 1162 1854; baseline -0.007 -18"><span class='ocrx_word' id='word_1_172' title='bbox 179 1769 250 1836; x_wconf 56' lang='lat' dir='ltr'><strong>¹‘luit</strong></span> <span class='ocrx_word' id='word_1_173' title='bbox 266 1777 343 1835; x_wconf 89' lang='lat' dir='ltr'><strong>enim</strong></span> <span class='ocrx_word' id='word_1_174' title='bbox 360 1793 452 1835; x_wconf 92' lang='lat' dir='ltr'><strong>unum</strong></span> <span class='ocrx_word' id='word_1_175' title='bbox 468 1775 653 1836; x_wconf 87' lang='lat' dir='ltr'><strong>intervallum</strong></span> <span class='ocrx_word' id='word_1_176' title='bbox 669 1777 742 1844; x_wconf 84' lang='lat' dir='ltr'><strong>erit,</strong></span> <span class='ocrx_word' id='word_1_177' title='bbox 766 1776 844 1854; x_wconf 90' lang='lat' dir='ltr'><strong>quod</strong></span> <span class='ocrx_word' id='word_1_178' title='bbox 860 1773 1012 1854; x_wconf 89' lang='lat' dir='ltr'><strong>longitudo</strong></span> <span class='ocrx_word' id='word_1_179' title='bbox 1029 1783 1090 1844; x_wconf 89' lang='lat' dir='ltr'><strong>est,</strong></span> <span class='ocrx_word' id='word_1_180' title='bbox 1115 1779 1162 1832; x_wconf 88' lang='lat' dir='ltr'><strong>aut</strong></span> 
     </span>
    </p>

    <p class='ocr_par' dir='ltr' id='par_1_7' title="bbox 49 1857 1160 1940">
     <span class='ocr_line' id='line_1_20' title="bbox 49 1857 1160 1940; baseline -0.006 -20"><span class='ocrx_word' id='word_1_181' title='bbox 49 1930 61 1939; x_wconf 88' lang='lat'><strong>..</strong></span> <span class='ocrx_word' id='word_1_182' title='bbox 194 1859 304 1939; x_wconf 90' lang='lat' dir='ltr'><strong>aliquid</strong></span> <span class='ocrx_word' id='word_1_183' title='bbox 318 1858 433 1919; x_wconf 89' lang='lat' dir='ltr'><strong>duobus</strong></span> <span class='ocrx_word' id='word_1_184' title='bbox 448 1859 607 1920; x_wconf 88' lang='lat' dir='ltr'><strong>intervallis</strong></span> <span class='ocrx_word' id='word_1_185' title='bbox 623 1861 786 1939; x_wconf 84' lang='lat' dir='ltr'><strong>expositum</strong></span> <span class='ocrx_word' id='word_1_186' title='bbox 805 1868 863 1930; x_wconf 88' lang='lat' dir='ltr'><strong>est,</strong></span> <span class='ocrx_word' id='word_1_187' title='bbox 881 1867 912 1921; x_wconf 94' lang='lat' dir='ltr'><strong>ut</strong></span> <span class='ocrx_word' id='word_1_188' title='bbox 927 1861 950 1920; x_wconf 91' lang='lat' dir='ltr'><strong>si</strong></span> <span class='ocrx_word' id='word_1_189' title='bbox 963 1877 1084 1940; x_wconf 88' lang='lat' dir='ltr'><strong>quares</strong></span> <span class='ocrx_word' id='word_1_190' title='bbox 1100 1857 1160 1916; x_wconf 93' lang='lat' dir='ltr'><strong>lon-</strong></span> 
     </span>
    </p>

    <p class='ocr_par' dir='ltr' id='par_1_8' title="bbox 58 1935 1201 2363">
     <span class='ocr_line' id='line_1_21' title="bbox 58 1935 1201 2023; baseline -0.002 -23"><span class='ocrx_word' id='word_1_191' title='bbox 58 1935 71 1977; x_wconf 72' lang='lat'><em>7</em></span> <span class='ocrx_word' id='word_1_192' title='bbox 153 1945 356 2023; x_wconf 78' lang='lat' dir='ltr'><strong>aegitudinem</strong></span> <span class='ocrx_word' id='word_1_193' title='bbox 377 1942 484 2004; x_wconf 89' lang='lat' dir='ltr'><strong>habeat</strong></span> <span class='ocrx_word' id='word_1_194' title='bbox 506 1952 535 2004; x_wconf 88' lang='lat' dir='ltr'><strong>et</strong></span> <span class='ocrx_word' id='word_1_195' title='bbox 555 1945 756 2014; x_wconf 89' lang='lat' dir='ltr'><strong>latitudinem,</strong></span> <span class='ocrx_word' id='word_1_196' title='bbox 780 1943 824 2004; x_wconf 88' lang='lat' dir='ltr'><strong>vel</strong></span> <span class='ocrx_word' id='word_1_197' title='bbox 846 1946 922 2004; x_wconf 92' lang='lat' dir='ltr'><strong>trina</strong></span> <span class='ocrx_word' id='word_1_198' title='bbox 949 1943 1096 2004; x_wconf 85' lang='lat' dir='ltr'><strong>intervalli</strong></span> <span class='ocrx_word' id='word_1_199' title='bbox 1113 1941 1160 2000; x_wconf 90' lang='lat' dir='ltr'><strong>de·</strong></span> <span class='ocrx_word' id='word_1_200' title='bbox 1200 1941 1201 1944; x_wconf 73' lang='grc'>’</span> 
     </span>
     <span class='ocr_line' id='line_1_22' title="bbox 193 2027 1159 2107; baseline -0.008 -16"><span class='ocrx_word' id='word_1_201' title='bbox 193 2031 347 2090; x_wconf 88' lang='lat' dir='ltr'><strong>mensione</strong></span> <span class='ocrx_word' id='word_1_202' title='bbox 367 2028 545 2107; x_wconf 84' lang='lat' dir='ltr'><strong>porrigitur,</strong></span> <span class='ocrx_word' id='word_1_203' title='bbox 568 2030 592 2089; x_wconf 88' lang='lat' dir='ltr'><strong>si</strong></span> <span class='ocrx_word' id='word_1_204' title='bbox 612 2029 796 2107; x_wconf 86' lang='lat' dir='ltr'><strong>longitudine</strong></span> <span class='ocrx_word' id='word_1_205' title='bbox 820 2029 971 2099; x_wconf 80' lang='lat' dir='ltr'><strong>altitudine</strong></span> <span class='ocrx_word' id='word_1_206' title='bbox 994 2027 1159 2088; x_wconf 87' lang='lat' dir='ltr'><strong>latitudine·</strong></span> 
     </span>
     <span class='ocr_line' id='line_1_23' title="bbox 193 2094 1160 2194; baseline -0.01 -17"><span class='ocrx_word' id='word_1_207' title='bbox 193 2135 250 2194; x_wconf 90' lang='lat' dir='ltr'><strong>que</strong></span> <span class='ocrx_word' id='word_1_208' title='bbox 260 2094 421 2182; x_wconf 51' lang='lat' dir='ltr'><strong>censetur]</strong></span> <span class='ocrx_word' id='word_1_209' title='bbox 429 2132 518 2192; x_wconf 88' lang='lat' dir='ltr'><strong>supra</strong></span> <span class='ocrx_word' id='word_1_210' title='bbox 532 2132 607 2192; x_wconf 90' lang='lat' dir='ltr'><strong>quae</strong></span> <span class='ocrx_word' id='word_1_211' title='bbox 621 2114 694 2174; x_wconf 89' lang='lat' dir='ltr'><strong>adeo</strong></span> <span class='ocrx_word' id='word_1_212' title='bbox 703 2113 776 2173; x_wconf 89' lang='lat' dir='ltr'><strong>nihil</strong></span> <span class='ocrx_word' id='word_1_213' title='bbox 788 2115 914 2174; x_wconf 82' lang='lat' dir='ltr'><strong>inveniri</strong></span> <span class='ocrx_word' id='word_1_214' title='bbox 924 2120 1030 2193; x_wconf 89' lang='lat' dir='ltr'><strong>potest,</strong></span> <span class='ocrx_word' id='word_1_215' title='bbox 1037 2120 1073 2174; x_wconf 92' lang='lat' dir='ltr'><strong>ut</strong></span> <span class='ocrx_word' id='word_1_216' title='bbox 1085 2115 1160 2191; x_wconf 89' lang='lat' dir='ltr'><strong>ipso-</strong></span> 
     </span>
     <span class='ocr_line' id='line_1_24' title="bbox 193 2197 1190 2261; baseline -0.007 -2"><span class='ocrx_word' id='word_1_217' title='bbox 193 2220 259 2261; x_wconf 90' lang='lat' dir='ltr'><strong>rum</strong></span> <span class='ocrx_word' id='word_1_218' title='bbox 278 2199 333 2261; x_wconf 91' lang='lat' dir='ltr'><strong>·Vl·</strong></span> <span class='ocrx_word' id='word_1_219' title='bbox 351 2208 485 2260; x_wconf 91' lang='lat' dir='ltr'><strong>motuum</strong></span> <span class='ocrx_word' id='word_1_220' title='bbox 502 2199 613 2260; x_wconf 80' lang='lat' dir='ltr'><strong>formae</strong></span> <span class='ocrx_word' id='word_1_221' title='bbox 635 2199 672 2258; x_wconf 92' lang='lat' dir='ltr'><strong>ad</strong></span> <span class='ocrx_word' id='word_1_222' title='bbox 687 2197 908 2258; x_wconf 75' lang='lat' dir='ltr'><strong>intervallorum</strong></span> <span class='ocrx_word' id='word_1_223' title='bbox 924 2206 1045 2259; x_wconf 87' lang='lat' dir='ltr'><strong>naturas</strong></span> <span class='ocrx_word' id='word_1_224' title='bbox 1063 2205 1094 2258; x_wconf 90' lang='lat' dir='ltr'><strong>et</strong></span> <span class='ocrx_word' id='word_1_225' title='bbox 1109 2211 1159 2254; x_wconf 93' lang='lat' dir='ltr'><strong>nu·</strong></span> <span class='ocrx_word' id='word_1_226' title='bbox 1182 2230 1190 2237; x_wconf 88' lang='lat'>-</span> 
     </span>
     <span class='ocr_line' id='line_1_25' title="bbox 194 2281 1159 2363; baseline -0.011 -17"><span class='ocrx_word' id='word_1_227' title='bbox 194 2304 309 2346; x_wconf 92' lang='lat' dir='ltr'><strong>merum</strong></span> <span class='ocrx_word' id='word_1_228' title='bbox 327 2292 552 2363; x_wconf 83' lang='lat' dir='ltr'><strong>componantur.</strong></span> <span class='ocrx_word' id='word_1_229' title='bbox 584 2285 681 2345; x_wconf 89' lang='lat' dir='ltr'><strong>Unum</strong></span> <span class='ocrx_word' id='word_1_230' title='bbox 698 2285 774 2344; x_wconf 89' lang='lat' dir='ltr'><strong>euim</strong></span> <span class='ocrx_word' id='word_1_231' title='bbox 791 2281 977 2361; x_wconf 79' lang='lat' dir='ltr'><strong>intervallum</strong></span> <span class='ocrx_word' id='word_1_232' title='bbox 993 2284 1068 2343; x_wconf 92' lang='lat' dir='ltr'><strong>duos</strong></span> <span class='ocrx_word' id='word_1_233' title='bbox 1085 2283 1114 2340; x_wconf 93' lang='lat' dir='ltr'><strong>in</strong></span> <span class='ocrx_word' id='word_1_234' title='bbox 1130 2294 1159 2337; x_wconf 88' lang='lat' dir='ltr'><strong>se</strong></span> 
     </span>
    </p>

    <p class='ocr_par' dir='ltr' id='par_1_9' title="bbox 157 2367 1161 2784">
     <span class='ocr_line' id='line_1_26' title="bbox 157 2367 1159 2438; baseline -0.002 -15"><span class='ocrx_word' id='word_1_235' title='bbox 157 2383 182 2423; x_wconf 77' lang='lat'><strong>25</strong></span> <span class='ocrx_word' id='word_1_236' title='bbox 196 2371 328 2429; x_wconf 89' lang='lat' dir='ltr'><strong>eontinet</strong></span> <span class='ocrx_word' id='word_1_237' title='bbox 349 2378 462 2438; x_wconf 88' lang='lat' dir='ltr'><strong>motus,</strong></span> <span class='ocrx_word' id='word_1_238' title='bbox 484 2378 517 2430; x_wconf 91' lang='lat' dir='ltr'><strong>ut</strong></span> <span class='ocrx_word' id='word_1_239' title='bbox 536 2372 567 2429; x_wconf 94' lang='lat' dir='ltr'><strong>in</strong></span> <span class='ocrx_word' id='word_1_240' title='bbox 589 2369 683 2429; x_wconf 90' lang='lat' dir='ltr'><strong>tribus</strong></span> <span class='ocrx_word' id='word_1_241' title='bbox 699 2367 858 2429; x_wconf 86' lang='lat' dir='ltr'><strong>intervallis</strong></span> <span class='ocrx_word' id='word_1_242' title='bbox 874 2386 925 2428; x_wconf 85' lang='lat' dir='ltr'><strong>sex</strong></span> <span class='ocrx_word' id='word_1_243' title='bbox 946 2385 1010 2428; x_wconf 88' lang='lat' dir='ltr'><strong>sese</strong></span> <span class='ocrx_word' id='word_1_244' title='bbox 1025 2375 1159 2427; x_wconf 92' lang='lat' dir='ltr'><strong>motuum</strong></span> 
     </span>
     <span class='ocr_line' id='line_1_27' title="bbox 194 2451 1158 2528; baseline -0.004 -17"><span class='ocrx_word' id='word_1_245' title='bbox 194 2470 308 2512; x_wconf 93' lang='lat' dir='ltr'><strong>summa</strong></span> <span class='ocrx_word' id='word_1_246' title='bbox 326 2455 460 2513; x_wconf 79' lang='lat' dir='ltr'><strong>conficiat</strong></span> <span class='ocrx_word' id='word_1_247' title='bbox 481 2454 538 2514; x_wconf 86' lang='lat' dir='ltr'><strong>hoo</strong></span> <span class='ocrx_word' id='word_1_248' title='bbox 554 2453 657 2513; x_wconf 89' lang='lat' dir='ltr'><strong>modo:</strong></span> <span class='ocrx_word' id='word_1_249' title='bbox 681 2452 732 2512; x_wconf 89' lang='lat' dir='ltr'><strong>Est</strong></span> <span class='ocrx_word' id='word_1_250' title='bbox 753 2454 876 2512; x_wconf 91' lang='lat' dir='ltr'><strong>enimin</strong></span> <span class='ocrx_word' id='word_1_251' title='bbox 895 2451 1079 2528; x_wconf 87' lang='lat' dir='ltr'><strong>longitudine</strong></span> <span class='ocrx_word' id='word_1_252' title='bbox 1095 2454 1158 2511; x_wconf 82' lang='lat' dir='ltr'><strong>aute</strong></span> 
     </span>
     <span class='ocr_line' id='line_1_28' title="bbox 194 2535 1161 2606; baseline -0.008 -10"><span class='ocrx_word' id='word_1_253' title='bbox 194 2544 225 2596; x_wconf 88' lang='lat' dir='ltr'><strong>et</strong></span> <span class='ocrx_word' id='word_1_254' title='bbox 248 2545 345 2604; x_wconf 88' lang='lat' dir='ltr'><strong>retro,</strong></span> <span class='ocrx_word' id='word_1_255' title='bbox 372 2538 403 2595; x_wconf 92' lang='lat' dir='ltr'><strong>in</strong></span> <span class='ocrx_word' id='word_1_256' title='bbox 424 2537 578 2597; x_wconf 87' lang='lat' dir='ltr'><strong>latitudine</strong></span> <span class='ocrx_word' id='word_1_257' title='bbox 598 2539 715 2598; x_wconf 87' lang='lat' dir='ltr'><strong>sinistra</strong></span> <span class='ocrx_word' id='word_1_258' title='bbox 743 2544 772 2597; x_wconf 92' lang='lat' dir='ltr'><strong>et</strong></span> <span class='ocrx_word' id='word_1_259' title='bbox 792 2537 926 2606; x_wconf 83' lang='lat' dir='ltr'><strong>dextera,</strong></span> <span class='ocrx_word' id='word_1_260' title='bbox 954 2539 985 2596; x_wconf 91' lang='lat' dir='ltr'><strong>in</strong></span> <span class='ocrx_word' id='word_1_261' title='bbox 1012 2535 1161 2596; x_wconf 83' lang='lat' dir='ltr'><strong>altitudine</strong></span> 
     </span>
     <span class='ocr_line' id='line_1_29' title="bbox 195 2619 1159 2700; baseline -0.006 -20"><span class='ocrx_word' id='word_1_262' title='bbox 195 2639 312 2682; x_wconf 91' lang='lat' dir='ltr'><strong>sursum</strong></span> <span class='ocrx_word' id='word_1_263' title='bbox 329 2637 363 2679; x_wconf 89' lang='lat' dir='ltr'><strong>ao</strong></span> <span class='ocrx_word' id='word_1_264' title='bbox 379 2620 526 2680; x_wconf 87' lang='lat' dir='ltr'><strong>deorsum.</strong></span> <span class='ocrx_word' id='word_1_265' title='bbox 558 2619 685 2682; x_wconf 84' lang='lat' dir='ltr'><strong>Necesse</strong></span> <span class='ocrx_word' id='word_1_266' title='bbox 701 2629 745 2682; x_wconf 89' lang='lat' dir='ltr'><strong>est</strong></span> <span class='ocrx_word' id='word_1_267' title='bbox 760 2629 872 2696; x_wconf 89' lang='lat' dir='ltr'><strong>autem,</strong></span> <span class='ocrx_word' id='word_1_268' title='bbox 896 2629 927 2681; x_wconf 90' lang='lat' dir='ltr'><strong>ut</strong></span> <span class='ocrx_word' id='word_1_269' title='bbox 943 2621 1083 2700; x_wconf 87' lang='lat' dir='ltr'><strong>quicquid</strong></span> <span class='ocrx_word' id='word_1_270' title='bbox 1100 2619 1159 2678; x_wconf 85' lang='lat' dir='ltr'><strong>lue·</strong></span> 
     </span>
     <span class='ocr_line' id='line_1_30' title="bbox 195 2705 1160 2784; baseline -0.004 -20"><span class='ocrx_word' id='word_1_271' title='bbox 195 2708 234 2765; x_wconf 93' lang='lat' dir='ltr'><strong>rit</strong></span> <span class='ocrx_word' id='word_1_272' title='bbox 249 2705 376 2766; x_wconf 89' lang='lat' dir='ltr'><strong>solidum</strong></span> <span class='ocrx_word' id='word_1_273' title='bbox 393 2721 514 2782; x_wconf 85' lang='lat' dir='ltr'><strong>corpus,</strong></span> <span class='ocrx_word' id='word_1_274' title='bbox 539 2705 596 2765; x_wconf 91' lang='lat' dir='ltr'><strong>hoo</strong></span> <span class='ocrx_word' id='word_1_275' title='bbox 612 2705 719 2766; x_wconf 88' lang='lat' dir='ltr'><strong>habeat</strong></span> <span class='ocrx_word' id='word_1_276' title='bbox 737 2706 951 2784; x_wconf 85' lang='lat' dir='ltr'><strong>longitudinem</strong></span> <span class='ocrx_word' id='word_1_277' title='bbox 967 2706 1160 2766; x_wconf 87' lang='lat' dir='ltr'><strong>latitudinem-</strong></span> 
     </span>
    </p>

    <p class='ocr_par' dir='ltr' id='par_1_10' title="bbox 156 2788 1159 2870">
     <span class='ocr_line' id='line_1_31' title="bbox 156 2788 1159 2870; baseline 0.005 -24"><span class='ocrx_word' id='word_1_278' title='bbox 156 2805 181 2846; x_wconf 82' lang='lat' dir='ltr'><strong>ao</strong></span> <span class='ocrx_word' id='word_1_279' title='bbox 195 2809 253 2868; x_wconf 89' lang='lat' dir='ltr'><strong>que</strong></span> <span class='ocrx_word' id='word_1_280' title='bbox 269 2796 299 2850; x_wconf 89' lang='lat' dir='ltr'><strong>et</strong></span> <span class='ocrx_word' id='word_1_281' title='bbox 314 2788 512 2860; x_wconf 88' lang='lat' dir='ltr'><strong>altitudinem,</strong></span> <span class='ocrx_word' id='word_1_282' title='bbox 535 2796 564 2850; x_wconf 92' lang='lat' dir='ltr'><strong>et</strong></span> <span class='ocrx_word' id='word_1_283' title='bbox 585 2791 722 2870; x_wconf 89' lang='lat' dir='ltr'><strong>quioquid</strong></span> <span class='ocrx_word' id='word_1_284' title='bbox 744 2791 818 2851; x_wconf 86' lang='lat' dir='ltr'><strong>haee</strong></span> <span class='ocrx_word' id='word_1_285' title='bbox 839 2792 894 2850; x_wconf 90' lang='lat' dir='ltr'><strong>tria</strong></span> <span class='ocrx_word' id='word_1_286' title='bbox 917 2793 947 2850; x_wconf 93' lang='lat' dir='ltr'><strong>in</strong></span> <span class='ocrx_word' id='word_1_287' title='bbox 970 2810 1001 2852; x_wconf 90' lang='lat' dir='ltr'><strong>se</strong></span> <span class='ocrx_word' id='word_1_288' title='bbox 1022 2791 1159 2851; x_wconf 81' lang='lat' dir='ltr'><strong>eontinet,</strong></span> 
     </span>
    </p>
   </div>
   <div class='ocr_carea' id='block_1_3' title="bbox 195 2957 1159 3564">
    <p class='ocr_par' dir='ltr' id='par_1_11' title="bbox 195 2957 1159 3564">
     <span class='ocr_line' id='line_1_32' title="bbox 263 2957 1159 3024; baseline 0 -18"><span class='ocrx_word' id='word_1_289' title='bbox 263 2958 376 3008; x_wconf 72' lang='lat' dir='ltr'><strong>antif.</strong></span> <span class='ocrx_word' id='word_1_290' title='bbox 447 2959 520 3009; x_wconf 89' lang='lat' dir='ltr'><strong>3nil</strong></span> <span class='ocrx_word' id='word_1_291' title='bbox 538 2960 569 3023; x_wconf 88' lang='lat' dir='ltr'><strong>b,</strong></span> <span class='ocrx_word' id='word_1_292' title='bbox 588 2960 608 3010; x_wconf 84' lang='lat' dir='ltr'><strong>f.</strong></span> <span class='ocrx_word' id='word_1_293' title='bbox 684 2957 794 3024; x_wconf 77' lang='lat' dir='ltr'><strong>livero]</strong></span> <span class='ocrx_word' id='word_1_294' title='bbox 821 2960 894 3010; x_wconf 84' lang='lat' dir='ltr'><strong>oiroo</strong></span> <span class='ocrx_word' id='word_1_295' title='bbox 918 2962 1159 3010; x_wconf 65' lang='lat' dir='ltr'><strong>corninveroa.</strong></span> 
     </span>
     <span class='ocr_line' id='line_1_33' title="bbox 196 3014 1156 3092; baseline 0 -18"><span class='ocrx_word' id='word_1_296' title='bbox 196 3029 228 3076; x_wconf 86' lang='lat' dir='ltr'><strong>lo</strong></span> <span class='ocrx_word' id='word_1_297' title='bbox 245 3027 307 3090; x_wconf 86' lang='lat' dir='ltr'><strong>ipsa</strong></span> <span class='ocrx_word' id='word_1_298' title='bbox 326 3042 393 3077; x_wconf 81' lang='lat' dir='ltr'><strong>corr.</strong></span> <span class='ocrx_word' id='word_1_299' title='bbox 413 3028 439 3076; x_wconf 84' lang='lat' dir='ltr'><strong>in</strong></span> <span class='ocrx_word' id='word_1_300' title='bbox 457 3027 546 3092; x_wconf 89' lang='lat' dir='ltr'><strong>ipsum</strong></span> <span class='ocrx_word' id='word_1_301' title='bbox 565 3043 590 3090; x_wconf 86' lang='lat' dir='ltr'><strong>a,</strong></span> <span class='ocrx_word' id='word_1_302' title='bbox 611 3044 631 3078; x_wconf 94' lang='grc' dir='ltr'><strong>ε.</strong></span> <span class='ocrx_word' id='word_1_303' title='bbox 686 3027 938 3092; x_wconf 72' lang='lat' dir='ltr'><strong>inexplicabile,</strong></span> <span class='ocrx_word' id='word_1_304' title='bbox 959 3028 978 3076; x_wconf 83' lang='lat' dir='ltr'><strong>f.</strong></span> <span class='ocrx_word' id='word_1_305' title='bbox 1032 3029 1063 3076; x_wconf 88' lang='lat'><strong>15</strong></span> <span class='ocrx_word' id='word_1_306' title='bbox 1080 3014 1156 3082; x_wconf 81' lang='lat' dir='ltr'><strong>vero]</strong></span> 
     </span>
     <span class='ocr_line' id='line_1_34' title="bbox 196 3087 1158 3160; baseline -0.004 -16"><span class='ocrx_word' id='word_1_307' title='bbox 196 3109 261 3158; x_wconf 88' lang='lat' dir='ltr'><strong>ergo</strong></span> <span class='ocrx_word' id='word_1_308' title='bbox 280 3109 301 3146; x_wconf 89' lang='lat' dir='ltr'><strong>s.</strong></span> <span class='ocrx_word' id='word_1_309' title='bbox 325 3090 338 3160; x_wconf 77' lang='lat' dir='ltr'><strong>ll</strong></span> <span class='ocrx_word' id='word_1_310' title='bbox 360 3093 502 3160; x_wconf 90' lang='lat' dir='ltr'><strong>longitudo</strong></span> <span class='ocrx_word' id='word_1_311' title='bbox 524 3100 550 3146; x_wconf 88' lang='lat' dir='ltr'><strong>et</strong></span> <span class='ocrx_word' id='word_1_312' title='bbox 568 3095 684 3145; x_wconf 88' lang='lat' dir='ltr'><strong>latitudo</strong></span> <span class='ocrx_word' id='word_1_313' title='bbox 704 3099 733 3144; x_wconf 87' lang='lat' dir='ltr'><strong>et</strong></span> <span class='ocrx_word' id='word_1_314' title='bbox 751 3094 869 3145; x_wconf 81' lang='lat' dir='ltr'><strong>altitudo</strong></span> <span class='ocrx_word' id='word_1_315' title='bbox 888 3111 917 3152; x_wconf 86' lang='lat' dir='ltr'><strong>e;</strong></span> <span class='ocrx_word' id='word_1_316' title='bbox 936 3093 1078 3158; x_wconf 88' lang='lat' dir='ltr'><strong>longitudo</strong></span> <span class='ocrx_word' id='word_1_317' title='bbox 1096 3087 1158 3141; x_wconf 82' lang='lat' dir='ltr'><strong>lati-</strong></span> 
     </span>
     <span class='ocr_line' id='line_1_35' title="bbox 195 3159 1158 3228; baseline 0.005 -20"><span class='ocrx_word' id='word_1_318' title='bbox 195 3160 259 3210; x_wconf 89' lang='lat' dir='ltr'><strong>tudo</strong></span> <span class='ocrx_word' id='word_1_319' title='bbox 280 3166 307 3210; x_wconf 87' lang='lat' dir='ltr'><strong>et</strong></span> <span class='ocrx_word' id='word_1_320' title='bbox 326 3162 445 3212; x_wconf 88' lang='lat' dir='ltr'><strong>altitudo</strong></span> <span class='ocrx_word' id='word_1_321' title='bbox 464 3177 485 3212; x_wconf 93' lang='grc' dir='ltr'><strong>ε.</strong></span> <span class='ocrx_word' id='word_1_322' title='bbox 558 3165 588 3212; x_wconf 88' lang='grc'><strong>16</strong></span> <span class='ocrx_word' id='word_1_323' title='bbox 607 3163 683 3212; x_wconf 84' lang='lat' dir='ltr'><strong>linea</strong></span> <span class='ocrx_word' id='word_1_324' title='bbox 700 3179 781 3228; x_wconf 82' lang='lat' dir='ltr'><strong>sopra</strong></span> <span class='ocrx_word' id='word_1_325' title='bbox 798 3179 896 3213; x_wconf 84' lang='lat' dir='ltr'><strong>uersum</strong></span> <span class='ocrx_word' id='word_1_326' title='bbox 914 3179 935 3213; x_wconf 90' lang='lat' dir='ltr'><strong>r.</strong></span> <span class='ocrx_word' id='word_1_327' title='bbox 960 3159 971 3228; x_wconf 75' lang='lat' dir='ltr'><strong>ll</strong></span> <span class='ocrx_word' id='word_1_328' title='bbox 995 3162 1071 3211; x_wconf 84' lang='lat' dir='ltr'><strong>linae</strong></span> <span class='ocrx_word' id='word_1_329' title='bbox 1090 3163 1118 3210; x_wconf 88' lang='lat' dir='ltr'><strong>et</strong></span> <span class='ocrx_word' id='word_1_330' title='bbox 1136 3169 1158 3213; x_wconf 68' lang='grc' dir='ltr'><strong>ὓ,</strong></span> 
     </span>
     <span class='ocr_line' id='line_1_36' title="bbox 196 3227 1157 3296; baseline 0.001 -20"><span class='ocrx_word' id='word_1_331' title='bbox 196 3243 221 3289; x_wconf 86' lang='grc' dir='ltr'><strong>ε;</strong></span> <span class='ocrx_word' id='word_1_332' title='bbox 242 3234 270 3278; x_wconf 86' lang='lat' dir='ltr'><strong>et</strong></span> <span class='ocrx_word' id='word_1_333' title='bbox 287 3245 368 3294; x_wconf 83' lang='lat' dir='ltr'><strong>supra</strong></span> <span class='ocrx_word' id='word_1_334' title='bbox 385 3247 483 3282; x_wconf 84' lang='lat' dir='ltr'><strong>uersum</strong></span> <span class='ocrx_word' id='word_1_335' title='bbox 500 3246 521 3279; x_wconf 89' lang='lat' dir='ltr'><strong>r.</strong></span> <span class='ocrx_word' id='word_1_336' title='bbox 592 3233 623 3281; x_wconf 88' lang='grc'><strong>19</strong></span> <span class='ocrx_word' id='word_1_337' title='bbox 643 3231 755 3294; x_wconf 86' lang='lat' dir='ltr'><strong>aliquid,</strong></span> <span class='ocrx_word' id='word_1_338' title='bbox 774 3232 845 3296; x_wconf 88' lang='lat' dir='ltr'><strong>quod</strong></span> <span class='ocrx_word' id='word_1_339' title='bbox 865 3246 887 3292; x_wconf 88' lang='lat' dir='ltr'><strong>e,</strong></span> <span class='ocrx_word' id='word_1_340' title='bbox 908 3231 927 3292; x_wconf 81' lang='lat' dir='ltr'><strong>f,</strong></span> <span class='ocrx_word' id='word_1_341' title='bbox 946 3230 966 3292; x_wconf 88' lang='lat'><strong>1,</strong></span> <span class='ocrx_word' id='word_1_342' title='bbox 985 3245 1011 3290; x_wconf 74' lang='grc' dir='ltr'><strong>ες</strong></span> <span class='ocrx_word' id='word_1_343' title='bbox 1032 3227 1102 3292; x_wconf 83' lang='lat' dir='ltr'><strong>quod</strong></span> <span class='ocrx_word' id='word_1_344' title='bbox 1118 3239 1157 3273; x_wconf 72' lang='lat' dir='ltr'><strong>Sd·</strong></span> 
     </span>
     <span class='ocr_line' id='line_1_37' title="bbox 195 3297 1158 3362; baseline 0.001 -18"><span class='ocrx_word' id='word_1_345' title='bbox 195 3313 246 3359; x_wconf 82' lang='lat' dir='ltr'><strong>pra</strong></span> <span class='ocrx_word' id='word_1_346' title='bbox 264 3315 361 3348; x_wconf 82' lang='lat' dir='ltr'><strong>uersum</strong></span> <span class='ocrx_word' id='word_1_347' title='bbox 378 3315 399 3349; x_wconf 87' lang='lat' dir='ltr'><strong>r.</strong></span> <span class='ocrx_word' id='word_1_348' title='bbox 468 3300 499 3347; x_wconf 78' lang='lat'><strong>21</strong></span> <span class='ocrx_word' id='word_1_349' title='bbox 523 3297 672 3349; x_wconf 86' lang='lat' dir='ltr'><strong>latitudine</strong></span> <span class='ocrx_word' id='word_1_350' title='bbox 695 3299 896 3362; x_wconf 83' lang='lat' dir='ltr'><strong>altitudineque</strong></span> <span class='ocrx_word' id='word_1_351' title='bbox 920 3313 941 3348; x_wconf 92' lang='lat' dir='ltr'><strong>s.</strong></span> <span class='ocrx_word' id='word_1_352' title='bbox 1011 3299 1042 3346; x_wconf 79' lang='lat'><strong>22</strong></span> <span class='ocrx_word' id='word_1_353' title='bbox 1066 3305 1158 3360; x_wconf 77' lang='lat' dir='ltr'><strong>supra·</strong></span> 
     </span>
     <span class='ocr_line' id='line_1_38' title="bbox 198 3359 1158 3430; baseline 0.001 -17"><span class='ocrx_word' id='word_1_354' title='bbox 198 3378 248 3426; x_wconf 88' lang='lat' dir='ltr'><strong>que</strong></span> <span class='ocrx_word' id='word_1_355' title='bbox 268 3365 325 3427; x_wconf 85' lang='lat' dir='ltr'><strong>a,l.</strong></span> <span class='ocrx_word' id='word_1_356' title='bbox 392 3369 424 3416; x_wconf 78' lang='lat'><strong>23</strong></span> <span class='ocrx_word' id='word_1_357' title='bbox 444 3381 492 3414; x_wconf 83' lang='lat' dir='ltr'><strong>sex</strong></span> <span class='ocrx_word' id='word_1_358' title='bbox 511 3365 541 3427; x_wconf 81' lang='lat' dir='ltr'><strong>d,</strong></span> <span class='ocrx_word' id='word_1_359' title='bbox 559 3366 579 3416; x_wconf 83' lang='lat' dir='ltr'><strong>f.</strong></span> <span class='ocrx_word' id='word_1_360' title='bbox 631 3368 663 3416; x_wconf 82' lang='lat'><strong>26</strong></span> <span class='ocrx_word' id='word_1_361' title='bbox 683 3363 1000 3430; x_wconf 83' lang='lat' dir='ltr'><strong>summaaoprooersum</strong></span> <span class='ocrx_word' id='word_1_362' title='bbox 1018 3380 1039 3416; x_wconf 85' lang='grc' dir='ltr'><strong>ε.</strong></span> <span class='ocrx_word' id='word_1_363' title='bbox 1064 3359 1075 3429; x_wconf 75' lang='lat' dir='ltr'><strong>l]</strong></span> <span class='ocrx_word' id='word_1_364' title='bbox 1098 3373 1158 3410; x_wconf 77' lang='lat' dir='ltr'><strong>con·</strong></span> 
     </span>
     <span class='ocr_line' id='line_1_39' title="bbox 196 3429 1155 3498; baseline 0.001 -19"><span class='ocrx_word' id='word_1_365' title='bbox 196 3429 272 3481; x_wconf 84' lang='lat' dir='ltr'><strong>ficiet</strong></span> <span class='ocrx_word' id='word_1_366' title='bbox 289 3432 318 3494; x_wconf 81' lang='lat' dir='ltr'><strong>d3</strong></span> <span class='ocrx_word' id='word_1_367' title='bbox 339 3432 469 3482; x_wconf 85' lang='lat' dir='ltr'><strong>conficiat</strong></span> <span class='ocrx_word' id='word_1_368' title='bbox 488 3448 592 3482; x_wconf 84' lang='lat' dir='ltr'><strong>summe</strong></span> <span class='ocrx_word' id='word_1_369' title='bbox 610 3449 632 3484; x_wconf 87' lang='lat' dir='ltr'><strong>r.</strong></span> <span class='ocrx_word' id='word_1_370' title='bbox 685 3436 717 3483; x_wconf 78' lang='lat'><strong>29</strong></span> <span class='ocrx_word' id='word_1_371' title='bbox 735 3432 923 3498; x_wconf 87' lang='lat' dir='ltr'><strong>latitudinem,</strong></span> <span class='ocrx_word' id='word_1_372' title='bbox 943 3435 1033 3484; x_wconf 80' lang='lat' dir='ltr'><strong>omisso</strong></span> <span class='ocrx_word' id='word_1_373' title='bbox 1053 3446 1112 3494; x_wconf 85' lang='lat' dir='ltr'><strong>que,</strong></span> <span class='ocrx_word' id='word_1_374' title='bbox 1132 3441 1155 3481; x_wconf 76' lang='lat' dir='ltr'><strong>a,</strong></span> 
     </span>
     <span class='ocr_line' id='line_1_40' title="bbox 197 3499 661 3564; baseline 0.006 -18"><span class='ocrx_word' id='word_1_375' title='bbox 197 3514 220 3562; x_wconf 84' lang='lat' dir='ltr'><strong>c,</strong></span> <span class='ocrx_word' id='word_1_376' title='bbox 242 3499 267 3563; x_wconf 88' lang='lat' dir='ltr'><strong>d,</strong></span> <span class='ocrx_word' id='word_1_377' title='bbox 287 3501 307 3564; x_wconf 86' lang='lat' dir='ltr'><strong>f,</strong></span> <span class='ocrx_word' id='word_1_378' title='bbox 326 3516 347 3550; x_wconf 89' lang='lat' dir='ltr'><strong>r.</strong></span> <span class='ocrx_word' id='word_1_379' title='bbox 419 3503 451 3550; x_wconf 86' lang='lat'><strong>30</strong></span> <span class='ocrx_word' id='word_1_380' title='bbox 468 3499 497 3548; x_wconf 92' lang='lat' dir='ltr'><strong>in</strong></span> <span class='ocrx_word' id='word_1_381' title='bbox 516 3515 545 3549; x_wconf 88' lang='lat' dir='ltr'><strong>se</strong></span> <span class='ocrx_word' id='word_1_382' title='bbox 564 3516 610 3550; x_wconf 87' lang='lat' dir='ltr'><strong>om.</strong></span> <span class='ocrx_word' id='word_1_383' title='bbox 632 3515 661 3552; x_wconf 81' lang='lat' dir='ltr'><strong>o:</strong></span> 
     </span>
    </p>
   </div>
   <div class='ocr_carea' id='block_1_4' title="bbox 0 0 1231 3980">
    <p class='ocr_par' dir='ltr' id='par_1_12' title="bbox 0 0 1231 3980">
     <span class='ocr_line' id='line_1_41' title="bbox 0 0 1231 3980; baseline 0 0"><span class='ocrx_word' id='word_1_384' title='bbox 0 0 1231 3980; x_wconf 95' lang='lat' dir='ltr'><strong> </strong></span> 
     </span>
    </p>
   </div>
  </div>
 </body>
</html>
