2398 3968
220 192 261 257 76
428 191 521 247 INST.
541 191 693 242 ARITHM.
713 191 754 251 11,
774 188 970 244 CAPITULA.

317 366 404 423 xiiii,
427 368 462 422 lie
479 366 649 422 arithmetica
664 364 810 420 medietate
825 365 940 437 eiusque
954 361 1169 437 proprietatibus.

304 451 403 507 XLiiii.
426 452 462 506 lie
484 451 652 524 geometrica
673 449 818 506 medietate
839 450 954 522 eiusque
970 445 1181 522 proprietatibus.

327 536 400 592 XLV.
424 536 497 604 Quae
519 535 678 591 medietates
695 532 795 607 quibus
817 548 907 589 rerum
929 533 1104 606 publicarum
1119 531 1182 588 stati·

424 620 476 676 bus
492 627 693 692 comparentur.

194 717 207 756 a
315 705 400 760 XLVI.
423 705 501 773 Quod
517 703 675 776 superficies
690 719 744 759 una
760 709 865 758 tantum
881 702 908 757 in
924 699 1179 776 proportionalitati-

429 788 480 845 bus
496 789 642 844 medietate
657 791 814 861 iungantur,
830 785 912 844 solidi
927 803 991 844 vero
1007 786 1116 842 numeri
1130 784 1184 838 dua·

429 872 481 929 hus
497 871 688 929 medietatibus
703 874 731 927 in
742 871 830 927 me'dio
846 870 999 928 collocatis.

310 958 407 1014 xcvii.
431 957 466 1012 ite
482 958 619 1013 armonica
634 957 779 1013 medietate
795 959 909 1030 eiusque
926 953 1148 1030 proprietatibus.

301 1043 409 1099 inviti.
432 1041 521 1110 Quare
541 1041 614 1098 dieta
640 1044 676 1098 sit
696 1043 834 1098 armonica
858 1041 990 1097 medietas
1012 1057 1044 1097 ea
1067 1054 1134 1112 quae
1153 1035 1185 1089 div

190 1145 216 1184 ιο
430 1132 509 1200 gesta
534 1134 585 1181 est.

282 1211 400 1268 XLVssli.
424 1211 460 1266 ite
476 1211 642 1285 geometrica
657 1209 787 1267 armonia.

372 1295 403 1350 L.
426 1295 657 1362 Quemadmodum
670 1295 829 1352 constitutis
842 1294 1008 1351 altrinsecus
1021 1293 1128 1350 duobus
1139 1297 1181 1344 ter·

388 1425 395 1433 .
425 1379 507 1434 minis
529 1379 714 1442 arithmetica,
737 1381 904 1453 geometrica
926 1387 954 1434 et
969 1381 1111 1436 armonica
1125 1377 1183 1429 inter

426 1479 474 1519 eos
490 1463 620 1520 medietas
642 1463 806 1528 alternetur;
828 1466 857 1519 in
873 1481 928 1538 quo
946 1464 978 1519 de
1000 1479 1100 1520 eorum
1114 1473 1183 1534 gene·

125 1543 127 1547 ’
183 1562 209 1602 15
427 1548 590 1604 rationibus.
1185 1539 1186 1562 ¹

361 1633 401 1690 Li.
424 1633 461 1689 De
481 1633 570 1689 tribus
590 1633 798 1695 medietatibus,
821 1649 889 1706 quae
905 1633 1064 1690 armonicae
1089 1639 1115 1686 et
1129 1642 1182 1702 geo·

425 1719 555 1773 metricae
569 1718 723 1773 contrariae
738 1723 812 1772 sunt.

350 1800 402 1856 Lii.
426 1802 462 1857 De
484 1808 615 1873 quattuor
634 1800 841 1864 medietatibus,
868 1818 937 1875 quas
958 1803 1068 1874 posteri
1093 1799 1124 1856 ad
1143 1798 1182 1851 im·

427 1884 556 1958 plendurn
572 1885 713 1942 denarium
727 1884 842 1941 limitem
857 1886 1024 1944 adiecerunt.

184 1983 210 2022 no
340 1968 403 2024 Lili.
426 1969 575 2043 Dispositio
598 1971 690 2026 decem
707 1971 892 2026 medietatum.

325 2053 401 2109 Lliii.
425 2052 461 2108 lie
482 2055 595 2110 maxima
616 2062 644 2111 et
671 2054 792 2128 perfecta
814 2055 990 2130 symphonia.
1012 2071 1083 2129 quae
1107 2049 1182 2108 tribus

426 2138 593 2194 distenditur
608 2139 767 2195 intervallis.

561 2322 713 2386 Eaepttetant
730 2323 851 2386 capitata.

290 2523 306 2570 3
343 2522 424 2571 uibus
448 2524 529 2573 rebus
553 2539 642 2574 rerum
666 2524 697 2587 b,
716 2524 735 2576 l.
759 2519 771 2589 ΙΙ
799 2525 988 2588 scantiniam,
1009 2540 1032 2574 c.
1104 2523 1183 2572 51111a

221 2535 342 2652 tantum}
365 2590 503 2639 unitatum
528 2589 547 2638 f,
574 2587 587 2656 fl
616 2595 724 2640 tantum
746 2607 793 2642 om.
818 2592 842 2642 d.
948 2593 963 2642 6
987 2591 1093 2642 duobus
1117 2604 1145 2649 a,
1163 2597 1181 2630 C·

222 2657 237 2704 ‘i
257 2654 429 2705 collocantur
448 2671 478 2719 a,
497 2656 567 2720 b‚'c,
586 2657 607 2706 l.
702 2661 717 2708 9
736 2658 812 2708 dicta
831 2676 878 2714 om.
898 2676 922 2711 e.
946 2656 958 2725 ΙΙ
981 2675 1016 2710 ea
1035 2676 1081 2710 om.
1100 2658 1131 2717 b,
1149 2645 1183 2702 Ῑιῖ

222 2721 339 2787 degesta
355 2739 382 2786 r,
402 2729 482 2788 gesta
504 2739 534 2787 a,
555 2740 578 2774 e.
631 2727 662 2775 10
675 2725 712 2774 sit
731 2741 755 2778 a.
809 2729 1000 2778 narmoniae
1024 2743 1054 2787 a,
1072 2729 1103 2787 b,
1124 2738 1148 2782 ct
1166 2715 1181 2766 Ῑ·

222 2791 439 2840 inconcinnius
463 2807 487 2841 a.
584 2793 616 2841 14
634 2791 789 2843 alternetur
811 2809 858 2846 om.
883 2810 905 2846 s.
934 2791 946 2861 ΙΙ
960 2791 1003 2844 in
1027 2809 1080 2858 quo
1099 2791 1140 2848 de]
1158 2786 1183 2834 1¹¹

222 2857 294 2921 quod
314 2873 337 2907 c.
408 2861 440 2908 16
459 2858 653 2910 arithmeticae
672 2876 700 2923 c,
721 2861 747 2924 d,
766 2862 786 2926 f,
805 2863 823 2924 1,
843 2879 865 2925 r,
885 2878 909 2923 s;
931 2861 1140 2912 arithmetiehac
1159 2868 1182 2929 ³³.

219 2925 252 2986 b3
273 2927 315 2990 qni
332 2929 465 2976 commonia
482 2930 587 2977 omnium
609 2929 721 2979 codicum
740 2945 816 2981 error
837 2932 906 2980 hacid
927 2932 980 2980 acic
999 2946 1034 2988 aa
1056 2931 1100 2980 nni
1121 2925 1182 2989 sonti

221 2993 369 3044 tribuendae
390 2997 432 3047 eit,
461 2991 473 3060 Η
498 3000 525 3045 et
543 3011 589 3045 orn.
610 3012 640 3059 a,
660 3011 682 3046 c.
711 2993 722 3061 ΙΙ
752 2999 939 3061 geometricae
963 3002 1047 3062 atque
1073 2990 1180 3046 armoni·

221 3075 272 3110 cae
290 3061 318 3124 b,
337 3061 357 3110 l.
428 3064 459 3112 lt
484 3064 624 3113 contraria
642 3080 667 3116 c.
740 3066 771 3113 21
792 3062 926 3131 maxima]
948 3065 1097 3116 armonica,
1124 3055 1135 3125 ΙΙ
1157 3057 1181 3103 ei

220 3143 267 3178 om.
286 3143 308 3178 s.
362 3130 580 3180 23Titotumom.
600 3132 632 3193 b,
653 3131 837 3194 c‚d‚l,r‚s.
880 3133 913 3182 ln
932 3149 948 3182 a
967 3135 993 3182 in
1007 3135 1059 3196 fine
1078 3127 1181 3182 additum

220 3197 344 3328 emelim
363 3199 429 3260 span
450 3193 579 3261 [Domino
597 3203 638 3249 oet
653 3199 713 3250 Deo
727 3201 833 3265 gratias
852 3202 946 3250 litteris
961 3202 1064 3265 φαραῖς
1082 3204 1180 3261 expres-

219 3278 284 3313 aum.
