2426 4002
199 191 242 255 46
467 189 560 242 INST.
580 188 731 242 iutuitu.
752 189 779 251 1,
799 189 839 238 22.
858 189 900 240 23.

203 370 291 424 tatem
307 361 417 422 dictum
433 367 492 429 est,
509 359 561 420 sed
578 360 700 422 dirersis
716 357 951 435 distantibusque
966 358 1080 434 signata
1095 367 1181 428 sunt,
1198 353 1199 380 ³

202 446 238 508 ad
262 447 384 508 modum
399 445 540 506 discentis
556 443 669 506 scilieet
689 443 733 506 vel
749 443 882 506 docentis
898 441 944 504 vel
960 441 1112 502 caedentis
1131 444 1184 504 vel

203 530 365 612 vapulantis
385 528 430 591 vel
451 548 645 610 quaecunque
672 530 708 590 arl
730 528 839 610 aliquid
861 527 953 589 relata
975 526 1061 588 aliter
1082 527 1184 588 deno·

201 618 319 678 minatis
334 615 492 676 contrariis
508 624 727 693 comparantur.

176 821 188 858 a
329 807 373 864 Do
387 807 540 878 speciebus
554 809 673 861 maioris
687 808 859 878 quantitatis
874 811 902 862 et
917 807 1044 860 minoris.

244 955 332 1016 Xllll.
377 954 496 1016 Maioris
510 971 580 1014 vero
596 951 812 1031 inaequalitatis
829 954 871 1014 ·V·
889 960 959 1012 suut
973 960 1082 1030 partes.
1123 953 1181 1015 Est

203 1042 280 1103 enim
309 1057 382 1109 una,
411 1056 486 1117 quae
507 1046 629 1098 vocatur
650 1036 820 1115 multiplex,
848 1036 902 1098 alia
924 1037 1182 1115 superparticula-

202 1127 258 1194 ris,
275 1125 361 1184 tertia
377 1124 611 1202 superpartiens,
635 1130 738 1201 quarta
754 1121 908 1200 multiplex
923 1121 1180 1200 superparticula-

203 1212 258 1278 ris,
286 1210 387 1288 quinta
415 1206 565 1286 multiplex
586 1209 818 1286 superpartiens.
862 1207 915 1268 llis
935 1209 1025 1284 igitur
1044 1207 1183 1286 quinque

164 1311 189 1349 10
203 1294 322 1354 maioris
342 1291 478 1372 pertibus
499 1291 653 1370 obpositae
675 1301 743 1353 sunt
764 1291 838 1352 allae
854 1293 984 1371 quinque
1005 1298 1105 1369 partes
1120 1294 1180 1352 mi·

204 1379 299 1446 noris,
323 1375 572 1456 quemadmodum
594 1379 690 1456 ipsum
712 1378 806 1438 maius
822 1377 931 1437 minori
946 1393 1064 1454 semper
1079 1375 1180 1453 obpo-

204 1465 297 1533 nitur,
315 1481 392 1542 quae
407 1463 530 1522 minoris
546 1463 661 1540 speeies
675 1463 716 1523 ita
732 1461 902 1539 singillatim
918 1459 1073 1539 speciebus
1088 1463 1182 1540 quin-

203 1566 260 1626 que
277 1549 398 1610 maioris
413 1547 473 1622 liis,
495 1564 577 1625 quae,
588 1563 677 1625 supra
693 1547 788 1608 dictae
803 1553 887 1616 sunt,
913 1544 1122 1624 obponuntur,
1145 1557 1184 1607 ut

203 1633 314 1694 medem
336 1631 506 1694 nominibus
522 1639 746 1710 nuncupentur,
769 1631 831 1692 sola
847 1638 961 1692 tantum
977 1629 1032 1691 sub
1048 1649 1181 1710 praepo·
1198 1635 1199 1638 ’

165 1734 189 1773 rs
203 1719 307 1779 sitione
329 1718 480 1778 distantes.
525 1717 640 1777 Dicitur
666 1719 745 1778 enirn
768 1714 991 1795 submultiplex,
1014 1715 1182 1794 subsuper-

202 1801 404 1880 particularis,
431 1801 723 1880 subsuperpartiens,
752 1798 962 1879 submultiplex
992 1805 1199 1879 superparti-3

204 1885 311 1948 eularis
332 1895 360 1946 et
386 1885 595 1965 submultiplex
617 1887 850 1966 superpartiens.
1198 1881 1199 1884 ’

203 2077 247 2134 De
268 2078 421 2149 multipiici
443 2080 560 2150 eiusque
579 2079 732 2148 speciebus
753 2093 910 2150 eorumque
930 2079 1179 2150 peuerutiouibus.

268 2226 369 2288 XXlll.
414 2226 528 2288 Rursus
549 2226 702 2305 multiplex
724 2234 769 2288 est
789 2227 883 2304 prima
904 2242 972 2302 pars
995 2227 1119 2286 maioris
1134 2227 1199 2300 in-l

166 2311 388 2389 inaequalitatis
409 2313 524 2373 eunctis
544 2311 608 2372 aliis
623 2312 773 2390 antiquior
788 2320 953 2390 naturaque
969 2311 1180 2388 praestantior,
1198 2325 1199 2336 ¹

204 2402 237 2452 ut
252 2395 424 2474 paulopost
439 2396 699 2458 demonstrabitur.
736 2397 790 2457 Hie
806 2402 902 2456 autem
918 2394 1006 2455 buius
1024 2396 1106 2456 modi
1123 2407 1180 2466 est,
1198 2403 1199 2476 J

205 2487 238 2536 ut
253 2487 442 2556 comparatus
458 2499 525 2541 eum
541 2481 636 2542 altero
652 2480 745 2550 illum,
763 2487 972 2558 contraquam
989 2487 1199 2558 comparatusl

206 2571 264 2630 est,
287 2561 395 2622 habeat
416 2562 592 2643 plusquam
613 2564 720 2634 semel;
743 2564 821 2644 quod
837 2565 966 2644 primum
988 2567 1018 2624 in
1034 2565 1199 2636 naturalist

1198 2657 1199 2704 l

273 2797 288 2844 2
308 2795 431 2848 cedentis
450 2813 474 2861 e,
493 2799 519 2862 d,
538 2799 558 2858 f,
577 2817 599 2865 r,
618 2817 641 2856 s,
715 2803 863 2854 liminaris
887 2801 1054 2866 quantitatis
1075 2805 1104 2852 et
1122 2817 1199 2858 maa-t

204 2861 271 2912 ioris
289 2862 309 2914 i.
362 2865 517 2931 bquinque
537 2867 562 2930 d,
582 2868 602 2922 f.
627 2865 639 2936 11
662 2876 758 2936 partes
776 2875 840 2921 sunt
860 2887 885 2932 a,
905 2885 929 2933 o,
949 2870 969 2932 f,
989 2884 1010 2920 s.
1064 2871 1140 2920 9·V·
1157 2867 1199 2930 <hl

206 2929 237 2978 12
262 2929 422 2996 singulatim
441 2949 465 2988 a.
498 2930 511 3002 Η
545 2937 584 2988 ·V·
605 2951 636 2999 a,
656 2939 687 3004 b,
708 2956 736 3002 o,
756 2937 778 2995 l,
797 2954 819 2989 s.
899 2939 930 2988 13
953 2941 1132 3003 apponuntur
1152 2933 1199 2988 bl

205 2998 238 3044 14
256 2998 306 3048 sub
326 3016 371 3055 om.
392 3017 422 3057 at
444 3019 479 3052 eac
496 3019 568 3055 corr.
586 3007 700 3058 additum
718 3007 744 3059 d.
773 3003 785 3072 ll
814 3006 1025 3071 praepositione
1044 3005 1095 3054 sub
1115 3006 1135 3065 f,
1159 3005 1199 3057 s.'

206 3064 315 3116 16-17
340 3069 485 3136 multiplex
510 3073 839 3141 subsuperparticularis,
863 3073 1009 3138 multiplex
1028 3073 1185 3137 subsuper-

204 3133 328 3194 partiens
353 3153 384 3201 a,
406 3139 439 3198 b;
459 3140 611 3208 ¹multiplex
638 3140 955 3208 subsuperparticularis
980 3145 1009 3190 et
1029 3140 1184 3204 multiplex

205 3199 465 3268 subsuperpartiens
491 3225 518 3271 o,
544 3209 573 3272 d,
599 3211 623 3275 f,
647 3212 670 3274 l,
691 3227 717 3274 r,
737 3225 763 3273 ες
789 3211 837 3260 sed
853 3211 881 3258 in
899 3209 916 3258 d
935 3211 985 3260 sub
1005 3215 1065 3258 unte
1084 3223 1185 3274 super-

206 3269 382 3348 particularis
401 3282 427 3324 et
444 3279 653 3342 superpartiens
671 3295 765 3330 rasura
783 3281 891 3329 deletum
909 3285 935 3327 et
953 3284 1013 3326 oute
1031 3276 1183 3340 multiplex

201 3343 312 3418 possim
329 3349 381 3399 est;
398 3343 425 3392 in
442 3358 455 3393 s
472 3361 553 3410 supro
570 3347 715 3412 multiplex
733 3347 783 3397 sub
802 3347 916 3396 additum
934 3352 981 3395 est.
1055 3345 1087 3396 te
1110 3344 1199 3394 Titus

206 3405 244 3452 tas
260 3419 286 3453 an
303 3413 416 3473 urarpine
433 3413 526 3478 lepitur
543 3416 570 3464 in
588 3415 614 3468 d.
688 3417 719 3465 21
739 3415 804 3466 Post
822 3417 914 3464 autem
933 3415 1031 3464 meunt
1049 3423 1199 3480 numerus}

207 3486 232 3532 a,
251 3471 277 3534 b,
298 3474 318 3539 i,
337 3475 354 3531 l.
379 3473 391 3543 ΙΙ
415 3477 600 3548 huiusmodi]
618 3499 699 3548 srcpro
717 3498 815 3534 versum
833 3496 962 3533 numerus
978 3496 999 3529 r.
1054 3482 1088 3530 22
1109 3483 1199 3531 com-l

205 3545 332 3607 paratur,
352 3547 444 3598 omisso
464 3554 519 3614 est,
539 3567 562 3604 o.
1198 3555 1199 3624 l
