2398 3968
558 15 585 76 Ι

401 229 611 278 PRAEFATIO.
941 231 992 277 VII

36 384 146 447 censui.
175 383 215 446 In
231 382 466 447 vocabulorum
482 383 643 469 scriptura
665 383 692 445 si
717 384 768 447 cui
790 403 906 469 parum
929 383 993 447 sibi

36 495 172 550 constare
187 485 357 568 videatur,
382 484 469 572 quod
485 490 685 566 supponendo
701 494 733 549 et
749 491 874 565 obtinet,
900 493 993 567 inpar

36 598 273 669 erumperem,
305 593 430 652 adsumo
453 596 485 651 et
507 593 662 667 aspicere,
692 584 757 650 alia
779 586 874 651 huius
902 587 991 652 modi

33 693 115 776 typis
149 691 312 754 invenerit
352 688 454 771 edita,
493 691 522 752 is
562 690 746 753 meminerit
780 689 908 754 codices
940 711 993 752 me

34 803 171 857 secutum
200 815 270 856 1111
305 791 365 855 hac
400 793 434 854 in
470 812 505 854 re
533 792 675 854 maxime
704 792 812 855 varios
829 813 902 858 ,nec
928 793 993 855 nisi

34 897 131 980 magis
152 896 224 958 veri
246 892 366 958 similia
388 895 519 980 assequi
541 893 731 980 potuissel).
776 891 843 956 Uni
866 901 994 956 tantum

32 1005 125 1077 spolio
131 997 244 1062 invitis
257 1017 359 1082 paene
372 995 539 1060 codicibus
551 1006 565 1061 t
577 996 718 1061 litteram
731 996 861 1059 servavi
872 996 994 1059 reiecta

34 1122 57 1182 c,
80 1121 159 1186 quae
182 1099 372 1184 saepissime
395 1098 545 1162 occurrit.
590 1099 630 1162 In
656 1098 782 1182 graecis
805 1097 990 1161 nominibus

32 1203 165 1289 propriis
192 1222 343 1286 graecam
371 1200 538 1264 scribendi
570 1201 729 1265 rationem
758 1200 850 1286 sequi
877 1199 988 1282 111111,

32 1327 69 1367 ex
84 1323 145 1390 qua
160 1312 192 1367 et
213 1303 285 1388 ipsa
301 1308 486 1368 Ptolomaeus
500 1303 634 1368 videtur
650 1301 868 1366 scribendum.
908 1301 992 1366 Geo-

31 1408 168 1470 1111111
185 1404 306 1487 libros,
338 1427 411 1469 curn
436 1407 609 1492 posteriori
631 1407 769 1493 tempori
792 1404 993 1469 attribuendi

32 1509 105 1573 1111111
128 1507 319 1589 videantur,
343 1510 372 1572 si
396 1531 459 1594 qua
480 1511 515 1573 in
536 1529 570 1572 re
593 1531 612 1572 a
634 1508 750 1572 ceteris
769 1507 877 1571 Boetii
899 1506 992 1571 libris

31 1611 210 1692 distabant,
233 1632 299 1674 non
320 1612 456 1675 mutavi.
503 1612 547 1676 Et
569 1609 657 1675 haud
680 1610 747 1674 scio
771 1631 814 1673 an
833 1611 869 1673 in
890 1609 992 1694 ipsius

30 1713 132 1776 Boetii
141 1713 294 1798 operibus
305 1713 506 1798 corrigendis
520 1714 720 1777 constantior
732 1735 802 1776 esse
812 1711 993 1777 studuerim

30 1815 138 1880 Boetio
165 1815 254 1901 ipso,
283 1837 357 1879 cum
380 1815 594 1881 variationem
616 1837 724 1879 111111
752 1814 843 1879 illum
866 1837 992 1879 amasse

29 1941 87 1981 non
120 1915 226 1982 solum
260 1917 391 1980 easdem
424 1920 603 1983 sententias
638 1916 812 2004 eloquendi
846 1919 1006 1982 maxima·

29 2022 165 2084 varietas
180 2029 333 2102 testetur,
346 2019 404 2083 sed
416 2021 514 2085 etiam
526 2019 613 2108 quod
626 2021 810 2107 promiscue
822 2020 993 2107 scripsisse

30 2146 93 2186 eum
117 2123 263 2187 maxime
286 2131 335 2186 est
358 2122 535 2186 verisimile
557 2123 787 2208 triangulus
810 2132 842 2186 et
864 2124 991 2186 trian-

28 2226 171 2309 gulum,
201 2225 452 2312 pyramidum
480 2234 512 2288 et
540 2225 806 2311 pyramidem,
836 2232 992 2288 atomon

28 2326 149 2411 latinis,
175 2332 384 2411 aotovpov
406 2328 531 2412 graecis
554 2325 689 2408 litteris,
714 2325 843 2390 similia.

67 2475 71 2482 '
105 2463 211 2528 Uncis
235 2462 353 2527 inclusi
376 2464 512 2549 quaein
533 2485 608 2549 pag.
629 2463 692 2528 375
719 2485 821 2527 verss.
847 2465 875 2527 1.
891 2465 921 2527 2.
941 2465 991 2529 18.

29 2567 69 2628 19.
86 2567 261 2651 leguntur,
284 2587 345 2629 nec
359 2588 411 2628 me
426 2566 512 2651 fugit
534 2564 658 2630 includi
677 2565 863 2630 ’1111111111
885 2589 991 2652 posse,

27 2668 109 2732 velut
126 2690 205 2756 pag.
221 2667 284 2732 383
300 2690 356 2730 vv.
371 2668 492 2752 5-21,
518 2690 592 2755 pag.
608 2668 670 2732 387
686 2691 717 2730 v.
734 2668 776 2732 23
792 2678 823 2733 et
838 2691 913 2755 pag.
929 2669 991 2733 388

27 2791 72 2833 nv.
91 2774 123 2834 1.
140 2771 173 2833 2.
220 2769 286 2834 Sed
312 2771 416 2854 magis
446 2779 522 2834 sunt
550 2770 671 2833 vitiosa
699 2769 756 2833 illa
778 2770 863 2853 loca,
896 2794 992 2857 quam

26 2881 55 2933 nt
81 2873 183 2936 uncis
212 2873 322 2936 sanari
355 2874 491 2958 possint.
541 2870 581 2935 In
608 2895 682 2958 pag.
703 2872 765 2936 401
795 2895 827 2936 v.
852 2873 891 2936 10
919 2883 992 2958 post

26 2977 216 3053 turpitudine
243 2973 358 3038 lacuna
386 2974 559 3038 statuenda
589 2983 647 3037 est.
698 2974 871 3039 intercidit
906 2978 991 3040 enim

100 3232 124 3299 7)
139 3230 196 3286 Vel
208 3231 282 3284 idem
293 3231 459 3284 vocabulum
469 3234 572 3286 eisdem
583 3233 687 3286 litteris
696 3235 799 3300 ubique
809 3238 841 3284 ut
850 3234 992 3284 redderem

27 3329 98 3379 quam
118 3321 243 3370 maxime
263 3336 325 3369 cum
341 3320 465 3372 intentus
484 3336 585 3384 essem,
606 3327 698 3371 tamen
711 3336 746 3371 ue
760 3319 855 3372 oculos
873 3319 993 3371 laterent

26 3401 126 3468 aliquot
155 3406 260 3455 menda
286 3405 418 3470 inpedire·
439 3407 561 3471 nequivi.
606 3405 745 3456 Nonnulla
773 3406 857 3454 etiam
884 3408 992 3454 mutata

25 3491 94 3538 novis
125 3492 305 3556 argumentis
333 3492 473 3541 sententia
501 3491 630 3542 variavit.
678 3493 754 3554 Quae
782 3494 814 3538 11
842 3487 991 3538 secundum

26 3574 192 3640 scripturam
209 3576 239 3625 in
257 3575 348 3626 indice
366 3576 517 3627 adhibitam
536 3575 681 3626 emendata
699 3575 855 3625 habeantur
872 3573 943 3634 peto.
