2398 3968
340 167 433 220 msr.
453 167 650 232 aninumr,
670 169 694 217 1.
984 165 1004 229 9

55 347 135 399 scvvnt.
162 235 291 399 mum
308 355 380 416 ergo
395 337 476 398 illam
490 336 721 408 multitudinem,
744 355 819 417 quae
834 355 889 415 per
903 356 935 400 se
952 348 1003 408 est,

51 424 217 484 arithmetica
246 421 417 503 speculatur
445 424 613 500 integritas,
644 421 723 482 illam
750 441 834 493 vero,
866 441 941 501 quae
967 423 1004 484 ad

50 508 158 588 aliquid,
185 508 291 568 musici
317 507 525 569 modulaminis
552 514 786 585 temperamenta
812 517 1003 587 pernoscunt,

48 592 181 654 inmobilis
208 611 279 653 vero
301 593 511 670 magnitudinis
538 593 701 672 geometria
727 593 860 652 notitiam
882 593 1004 671 pollice·

49 685 100 747 tur,
122 677 238 738 mobilis
259 695 329 738 vero
350 679 501 739 scientiam
523 678 738 738 astronomicae
758 677 930 756 disciplinae
952 691 1031 758 pe·5

49 764 103 822 vitia
117 762 259 824 vendicat.
305 761 419 834 Quibus
441 770 581 842 quattuor
603 762 738 841 partibus
754 764 778 823 si
795 772 894 822 careat
907 764 1004 843 inqui·

50 849 123 917 sitor,
138 865 240 908 verum
258 848 390 908 invenire
406 865 466 908 non
482 848 588 928 possit,
605 865 639 908 ac
655 849 719 908 sine
735 846 791 906 hac
807 845 926 924 quidem
938 865 1004 926 spe-
1022 839 1028 916 i

50 930 180 992 culatione
201 933 331 994 veritatis
358 931 431 993 nulli
451 940 533 999 recte
559 932 734 1011 sopiendum
754 923 904 1016 estfflist
927 933 1005 992 enim

50 1019 176 1096 sapientia
202 1034 306 1078 earum
326 1015 443 1087 rerum,
467 1034 542 1098 quae
563 1035 631 1078 vere
652 1026 736 1086 sunt,
760 1017 888 1094 cognitio
911 1024 942 1077 et
961 1017 1005 1076 in-

51 1109 119 1179 tegra
142 1103 378 1180 comprehensio.
424 1100 508 1172 Quod
534 1101 607 1162 haec
628 1104 679 1181 qui
700 1103 815 1180 spernit
835 1102 864 1163 id
887 1110 931 1162 est
951 1102 1005 1164 has
1019 1115 1045 1154 1⁰

51 1189 152 1247 semitas
181 1188 345 1266 sapientiae
374 1188 402 1248 ei
431 1187 575 1248 denuntio
600 1203 659 1248 non
684 1194 765 1248 recte
788 1204 851 1248 esse
873 1186 1005 1264 philoso-

51 1271 194 1346 phandum,
212 1272 359 1349 siquidem
375 1270 558 1350 philosophia
571 1279 616 1332 est
627 1289 710 1332 amor
724 1273 899 1348 sapientiae,
917 1291 1005 1351 quarn

50 1356 76 1413 io
93 1356 133 1416 his
152 1357 329 1436 spernendis
355 1364 422 1417 ante
448 1358 670 1436 contempserit.
715 1353 790 1417 lllnd
811 1376 930 1437 quoque
954 1357 1005 1418 ad·

51 1439 164 1509 dandum
190 1440 337 1509 arbitror,
368 1441 447 1520 quod
476 1449 581 1502 cuncta
607 1442 650 1501 vis
670 1440 864 1502 multitudinis
886 1442 923 1503 ah
943 1460 1004 1511 uno

49 1542 191 1603 progressa
207 1527 336 1586 termino
353 1527 390 1586 ad
404 1527 516 1587 inlinita
533 1527 750 1607 progressionis
762 1536 919 1602 augmenta
933 1544 1003 1586 con·
1017 1535 1043 1576 15

50 1612 151 1671 crescit.
207 1611 379 1689 Magnitudo
409 1629 480 1672 vero
512 1629 529 1672 a
558 1612 639 1672 linita
669 1611 813 1671 inchoans
843 1611 1005 1689 quantitate

49 1695 155 1756 modurn
174 1697 205 1756 in
227 1695 370 1764 divisione
398 1714 458 1756 non
479 1697 597 1776 recipit;
626 1695 837 1756 infinitissimas
859 1697 939 1756 enim
960 1696 1005 1757 sui

49 1783 169 1859 corporis
191 1782 315 1860 suscipit
334 1782 491 1842 sectiones.
530 1781 620 1870 xHanc
645 1781 735 1860 igitur
762 1787 886 1842 naturae
908 1780 1005 1841 inlini·

47 1870 125 1924 tatem
152 1865 471 1944 indeterminatamque
496 1867 659 1945 potentiam
683 1864 870 1946 philosophia
900 1874 1007 1945 sponte

46 1949 179 2027 repudiat.
229 1949 308 2012 Nihil
329 1951 422 2020 enim,
451 1951 529 2030 quod
553 1950 702 2011 inlinitum
729 1957 788 2019 est,
816 1949 861 2011 vel
883 1951 1044 2011 scientiam

44 2041 132 2110 potest
153 2034 253 2113 colligi
273 2032 319 2096 vel
341 2044 440 2096 mente
462 2033 690 2115 comprehendi.
717 2035 771 2096 sed
791 2035 860 2096 hinc
881 2036 1007 2112 sumpsit

44 2118 178 2198 sibiipsa
204 2121 294 2189 ratio,
325 2121 356 2179 in
382 2119 490 2198 quihus
515 2122 609 2199 possit
633 2119 847 2197 indagatricem
876 2119 1006 2178 veritatis

45 2221 176 2266 exercere
204 2203 375 2265 sollertiam.
426 2204 540 2282 Delegit
565 2200 643 2265 enirn
667 2203 703 2263 de
724 2203 854 2263 infinitae
874 2200 1006 2262 multitu·

44 2288 113 2348 dinis
127 2288 295 2369 pluralitate
310 2289 410 2350 finitae
427 2290 586 2350 terminum
602 2289 772 2367 quantitatis
788 2296 817 2348 et
831 2288 1005 2348 intermina·

42 2371 101 2434 hilis
121 2375 333 2452 magnitudinis
353 2377 484 2436 sectione
505 2375 616 2434 reiecta
633 2372 751 2433 definita
773 2371 829 2432 sihi
849 2372 884 2433 ad
902 2374 1001 2450 cogni·
1016 2383 1043 2423 25

43 2458 144 2518 tionem
166 2461 259 2538 spotia
281 2459 462 2539 depoposcit.
507 2457 626 2519 Constat
647 2457 750 2538 igitur,
778 2458 909 2535 quisquis
932 2459 1006 2519 haec

41 2546 277 2619 praetermiserit,
294 2562 413 2604 omnem
428 2542 631 2623 philosophiae
648 2542 813 2622 perdidisse
829 2542 1006 2604 doctrinam.

41 2627 98 2687 Hoc
112 2629 203 2707 igitur
219 2627 290 2689 illud
307 2630 502 2708 quadruvium
518 2634 571 2699 est,
589 2646 646 2707 quo
663 2628 709 2687 his
723 2628 861 2689 viandum
878 2629 924 2694 sit,
942 2630 1005 2706 qui-

41 2710 90 2772 hus
111 2711 304 2774 excellentior
330 2715 447 2775 animus
473 2732 489 2774 a
511 2713 665 2774 nobiscum
686 2715 849 2792 procreatis
870 2711 1006 2774 sensibus
1106 2765 1110 2772 .

100 2903 197 2965 3post
214 2899 249 2948 ad
267 2899 387 2965 aliquid:
408 2903 450 2950 est
466 2915 492 2962 r,
511 2916 592 2964 snpra
611 2899 646 2949 od
659 2899 778 2964 aliquid:
798 2897 878 2950 estb.
908 2894 921 2963 ΙΙ
949 2914 1006 2948 mu-

42 2969 108 3018 sicae
127 2967 326 3018 modulationis
345 2983 366 3018 s.
388 2965 400 3034 {l
420 2971 608 3032 praenoscunt
630 2983 660 3031 a,
680 2969 703 3027 f,
723 2984 748 3030 r,
768 2983 789 3020 s.
858 2968 874 3016 4
898 2981 1006 3029 geome-

41 3035 100 3086 trica
125 3052 156 3100 a,
178 3051 208 3100 c,
226 3035 258 3100 d,
277 3038 344 3098 f‚r.
416 3037 515 3086 dvero
534 3053 581 3086 om.
601 3052 632 3099 a,
652 3035 681 3099 d,
701 3037 725 3096 i,
745 3035 769 3097 l,
790 3051 811 3088 r.
881 3039 1007 3084 astrono-

41 3103 103 3154 miae
123 3120 149 3158 c.
197 3105 220 3154 -6
237 3103 364 3154 vindicat
381 3103 398 3166 l,
418 3105 590 3166 vendicavit,
611 3119 642 3168 a,
661 3104 692 3166 b,
712 3119 740 3166 c,
760 3103 790 3165 d,
809 3119 829 3152 r.
847 3099 859 3167 Ι]
880 3103 961 3152 ·IlII·
981 3118 1004 3152 c.

43 3171 170 3236 lpoterit
191 3172 225 3235 b,
250 3187 274 3222 c.
310 3175 403 3237 potest
422 3172 442 3223 f.
478 3173 583 3237 poterit
604 3171 629 3222 si
651 3172 688 3222 sit
710 3173 778 3221 lineo
799 3171 956 3221 subnotatum
981 3177 1007 3220 et

42 3253 112 3303 snpra
129 3255 232 3291 versum
250 3241 338 3304 possit
356 3255 378 3288 r.
431 3243 548 3291 evovae
568 3255 596 3300 o,
616 3238 647 3301 d,
665 3239 684 3292 l.
739 3240 769 3288 11
789 3239 944 3288 sententias
963 3251 1006 3287 sn·

42 3308 156 3368 pientiae
176 3325 202 3360 c.
276 3317 403 3358 eseoom.
425 3323 453 3371 c,
479 3307 510 3370 d,
535 3309 559 3372 f,
583 3305 606 3370 l,
629 3323 655 3370 r,
679 3322 700 3357 s.
772 3307 804 3356 18
823 3307 944 3371 corporis
963 3305 1006 3354 sui
1074 3362 1077 3367 ,

42 3378 129 3443 recipit
149 3377 169 3427 f.
197 3372 210 3443 Η
236 3375 404 3426 infinitatem
421 3379 540 3426 natutae
563 3374 594 3438 d,
613 3375 632 3424 l.
698 3376 731 3424 22
749 3375 821 3424 ratio
840 3376 902 3438 ipse
920 3372 940 3421 f.
972 3387 1006 3420 ee

41 3444 90 3506 ipsa
112 3447 189 3498 ratio
210 3459 223 3494 s
250 3441 263 3510 [l
288 3448 383 3509 posset
410 3443 441 3506 d,
459 3443 485 3507 f,
503 3443 521 3494 l.
595 3445 628 3493 23
646 3441 757 3492 infinita
785 3457 813 3502 c,
836 3455 849 3489 r
871 3447 898 3489 tn
919 3441 1005 3487 lituro.

42 3511 135 3566 infinite
154 3514 175 3565 f.
249 3514 284 3562 24
301 3511 377 3562 finite
396 3511 415 3562 f.
487 3513 520 3562 26
538 3511 664 3576 deposcit
682 3526 713 3572 a,
734 3524 762 3571 c,
782 3506 813 3569 d,
831 3523 858 3569 r,
877 3521 898 3558 a.
