2398 3968
352 139 443 190 insu.
463 140 615 196 ARITHM.
634 141 660 202 1,
680 143 722 192 32.
980 139 1020 203 67

57 311 167 380 evenit,
183 311 258 370 idem
276 310 423 384 contingit
439 310 467 368 in
483 284 608 370 ceteris]
630 309 674 370 Ex
689 309 734 368 his
749 311 841 386 igitur
856 311 1021 372 secundum

55 397 206 474 praecepti
221 396 317 454 nostri
333 393 468 454 ordinem
487 394 585 454 videas
601 396 731 473 primum
746 397 827 455 nasci
842 395 1021 475 multiplices
1082 437 1086 444 ι

57 487 83 540 et
96 481 130 538 in
145 480 189 539 his
205 478 338 562 duplices
353 480 453 556 prius,
477 478 585 538 dehinc
606 477 723 557 triplos,
746 479 816 539 inde
838 481 1021 561 quadruplos

57 573 82 624 el
97 564 135 624 ad
151 564 278 624 eundem
294 563 430 623 ordinem
448 570 674 640 consequentes
711 563 826 624 Rursus
842 565 1021 644 multiplices

47 647 79 708 (si
93 633 318 717 convertantur]
334 635 381 708 sex
397 640 453 707 bisl
466 647 752 727 superparticulares
769 651 916 717 orientur,
940 645 1047 712 ecferri
1095 647 1118 714 ‘7

57 722 226 811 duplicibusl
242 733 362 812 quidem
383 733 559 812 sesqualteri
570 729 620 792 lex
644 723 746 810 triplisl
761 735 955 813 sesquitertii,
975 737 1021 796 ‘ex

56 817 233 897 quadruplis
256 819 454 896 sesquiquarti
486 826 515 877 et
541 819 633 878 ceteri
661 820 691 878 in
714 818 794 879 hunc
815 819 945 879 modum.
966 809 1021 880 Ἕκ
1058 825 1179 870 urnae..

55 901 374 982 superparticularibus
395 919 466 961 vero
488 905 648 962 conversis
664 905 918 982 superpartientes
940 907 1021 964 nasci
1060 900 1179 952 ‘'ut-n

54 1006 173 1048 necesse
200 997 259 1056 est,
287 987 327 1046 ita
352 978 440 1046 utsex
462 985 808 1063 sesqualterolnascatur
829 985 1020 1067 superbipar-

56 1075 141 1142 tiens,
165 1073 478 1193 supertripartientem
502 1073 707 1150 sesquitertius
729 1075 829 1150 gignat
851 1081 879 1132 et
894 1070 937 1133 'ex
960 1091 1019 1133 ses·
1035 1088 1061 1127 ro

54 1159 205 1236 quiquarto
227 1155 560 1234 superquadripartiens
575 1163 759 1233 procreetur.
802 1157 900 1217 Rectis
922 1157 1024 1220 auten]¹

53 1245 151 1320 positis
188 1257 288 1320 neque
323 1240 473 1300 conversis
511 1241 663 1319 prioribus
700 1241 1020 1320 superparticularibus
1106 1281 1138 1338 qq

53 1325 230 1405 multiplices
246 1325 531 1404 superparticulares
548 1326 699 1392 oriuntur;
722 1329 813 1386 rectis
829 1345 899 1387 vero
915 1345 1019 1406 super·
1121 1396 1123 1405 ,

53 1410 247 1488 partientibus
263 1406 441 1487 multiplices
456 1412 711 1488 superpartientes
727 1411 907 1472 efficiuntur.
928 1411 1048 1492 Praefl-
1095 1474 1105 1478 ,
1127 1461 1138 1511 5
1170 1449 1173 1456 ,

53 1503 131 1575 cepta
148 1502 250 1556 autem
271 1495 327 1554 tria
343 1494 417 1554 haec
433 1501 514 1562 sunt,
537 1501 570 1553 ut
589 1497 719 1572 primum
741 1513 899 1557 numerum
921 1499 1019 1573 primo
1034 1509 1060 1548 15
1134 1494 1139 1508 ¹

52 1580 137 1642 lacias
164 1597 284 1660 parem,
317 1577 483 1639 secuudum
511 1597 581 1638 vero
607 1581 704 1657 primo
730 1589 758 1638 et
779 1580 928 1649 secundo,
962 1589 1019 1640 ter·

20 1655 21 1710 l
53 1667 120 1726 tium
135 1667 244 1744 primo,
261 1663 400 1723 secundis
415 1662 530 1723 duobus
545 1672 575 1724 et
594 1665 692 1723 tertio.
721 1663 784 1723 Hoc
800 1665 891 1740 igitur
907 1683 973 1726 cum
989 1667 1020 1724 in

20 1751 21 1832 ἰ
52 1751 184 1810 terminis
206 1745 378 1827 aequalibus
399 1747 523 1816 leceriS,
547 1766 582 1808 ex
598 1748 644 1809 his
661 1750 712 1825 qui
726 1756 902 1820 nascentur,
925 1748 1018 1828 dupli-

20 1839 22 1902 l
53 1853 97 1895 ces
113 1840 218 1901 erunt,
241 1832 278 1892 de
294 1831 402 1909 quibus
418 1831 586 1910 duplicibus
607 1835 631 1892 si
646 1833 724 1893 idem
742 1834 863 1903 leceris,
888 1835 1018 1912 triplices

50 1925 246 1998 procreantur
277 1923 306 1977 et
330 1915 367 1976 de
393 1917 439 1976 his
465 1917 675 1996 quadruplices
701 1924 789 1996 atque
815 1920 845 1978 in
870 1919 1016 1979 inlinitum
1032 1933 1058 1972 20

52 2021 153 2063 omnes
167 2002 279 2064 formas
300 2003 419 2062 num'eri
434 2000 606 2080 multiplicis
627 2002 793 2080 explicabit.
824 2002 943 2064 iaceant
963 2006 1031 2080 igi?
1053 2029 1093 2077 ce

51 2096 95 2147 tur
110 2095 173 2148 tres
188 2087 310 2146 termini
326 2085 472 2164 aequales.
501 2088 506 2099 '
1045 2103 1048 2113 ¹
1121 2115 1131 2128 ==
1153 2117 1155 2125 ‹

51 2255 177 2317 Ponatur
201 2255 300 2333 itaque
322 2255 420 2332 prImo
440 2257 555 2335 primus
577 2255 723 2332 aequalis,
746 2253 776 2312 id
798 2258 841 2312 est
857 2271 948 2321 unus,
971 2273 1017 2314 se-

54 2341 165 2401 cundus
191 2357 260 2398 vero
277 2341 373 2417 primo
399 2339 596 2412 obsecundo,
624 2338 716 2398 idest
738 2337 798 2406 ·ll·‚
825 2339 932 2398 tertius
947 2357 1017 2400 vero
1031 2359 1056 2398 rs

52 2427 161 2502 primo,
187 2422 304 2484 duobus
331 2422 470 2486 secundis
492 2432 521 2484 et
541 2425 629 2484 tertio
653 2425 778 2502 parsit,
807 2423 835 2483 id
857 2431 902 2484 est
924 2426 974 2486 uni
990 2434 1018 2486 et

53 2509 163 2570 duobus
180 2511 246 2569 unis
263 2517 292 2569 et
307 2510 373 2578 uni,
391 2509 469 2586 quod
486 2518 554 2569 sunt
572 2508 642 2568 ·llll·
660 2515 692 2568 ut
708 2517 753 2568 est
768 2508 938 2587 descriptio.

116 2665 129 2711 l
151 2660 268 2725 contigit
281 2676 309 2723 c,
328 2669 438 2712 correct.
456 2663 483 2710 in
501 2661 639 2726 contingit
651 2676 675 2709 a.
745 2663 808 2710 3ex
820 2660 863 2710 his
882 2661 908 2722 f;
927 2661 956 2710 iu
969 2678 1016 2711 om.

53 2745 72 2779 r.
93 2725 104 2795 11
127 2729 205 2794 tripli
223 2743 244 2776 r.
267 2725 279 2793 Η
302 2728 402 2778 deiude
422 2744 453 2791 a,
473 2745 497 2791 c,
516 2744 537 2778 s.
563 2723 574 2793 ll
599 2727 744 2793 quadrupli
762 2744 783 2776 r.
824 2727 1016 2792 dtriplieibus

53 2814 77 2912 Ξ,
95 2813 118 2860 c,
139 2792 447 2913 f‚s;lqribus1.tll'ea
471 2813 503 2846 ex
522 2796 688 2914 qqadruqqlisl
705 2812 727 2848 r.
779 2882 784 2894 Ι
809 2797 970 2913 itqiitbcorr.
989 2800 1016 2913 itu

53 2881 142 2995 mssuzf’
166 2937 210 2997 qui
232 2879 525 2989 sidionernieiueloeciiizoiat:
550 2880 662 2990 deciani
692 2879 785 2982 lui’essc'
801 2880 1014 2982 riielioiemcncidsiiti

52 3005 206 3062 procreetur
224 3001 363 3050 addiderit.
431 3002 462 3050 13
475 3000 711 3064 superpartientes
726 3013 748 3048 c.
773 2995 785 3064 ll
809 3001 1015 3064 superpartien-

53 3067 120 3118 tibus
138 3066 307 3132 multiplices
325 3069 352 3117 in
369 3069 481 3132 marpissa
498 3084 550 3118 rec.
570 3083 643 3116 manu
662 3083 683 3117 r.
793 3068 824 3114 14
843 3067 1014 3131 multiplicis,

54 3137 129 3186 ultimo
151 3136 161 3183 i
184 3137 211 3184 io
236 3151 250 3184 e
273 3141 377 3191 mutato,
402 3151 427 3187 a.
515 3138 547 3184 17
565 3135 651 3199 primo
672 3139 699 3184 et
717 3133 823 3184 duobus
841 3135 971 3186 secundis
989 3136 1013 3191 f;

54 3204 147 3267 primo,
165 3202 297 3253 secundis
316 3203 422 3253 duobus
442 3218 466 3265 a,
487 3219 511 3265 c,
533 3217 555 3254 s,
625 3204 656 3251 21
675 3201 844 3266 multiplices
858 3218 883 3267 a,
897 3203 923 3264 d,
939 3203 958 3267 f,
973 3219 994 3254 r.
1008 3201 1015 3267 l]

54 3271 207 3333 procreabit
226 3271 252 3320 d.
276 3265 288 3336 ll
312 3268 373 3320 Sint
392 3271 417 3318 d.
487 3271 520 3319 24
538 3269 566 3318 id
587 3275 629 3319 est
737 3285 802 3320 vero
821 3271 968 3334 primoom.
984 3270 1013 3330 d3

54 3355 97 3390 rec.
115 3347 200 3390 tamen
211 3355 287 3389 manu
300 3340 391 3388 addita
402 3343 475 3388 sunt:
493 3337 522 3386 id
537 3341 579 3388 est
598 3338 619 3387 1.
656 3339 688 3388 25
702 3337 754 3388 duo
768 3337 787 3386 f.
824 3339 856 3386 26
870 3342 897 3386 et
909 3337 1014 3387 duobus

56 3407 72 3455 l.
90 3403 102 3474 Ι]
124 3422 179 3458 uno
192 3406 218 3456 d.
242 3403 254 3472 ll
280 3410 307 3456 et
325 3414 384 3456 unte
403 3406 508 3456 dnobus
526 3421 573 3458 orn.
593 3421 624 3465 a,
644 3404 676 3466 b,
696 3405 719 3457 d.
773 3407 805 3454 27
823 3407 887 3454 uuis
905 3421 952 3454 om.
972 3420 994 3456 s.
1007 3401 1015 3466 ll

20 3533 21 3538 η
54 3488 97 3526 uno
117 3492 145 3537 a,
163 3477 197 3538 b,
217 3489 244 3537 c,
265 3474 371 3538 d‚r‚s.
399 3469 410 3540 Η
438 3473 556 3523 uthaec
576 3477 617 3522 est
637 3471 787 3535 descriptio
807 3471 836 3532 d3
855 3477 886 3521 ut
905 3476 948 3520 est
966 3471 1014 3518 de·

770 3557 812 3612 5*
