2444 3980
218 151 259 215 96
292 134 293 146 ’
511 149 603 202 mss.
621 148 771 200 terrun.
790 149 830 212 Π,
850 151 890 213 12,

223 387 226 393 '
254 376 298 432 Dc
313 377 522 448 quadratorum
537 389 722 430 numerorum
736 377 922 446 peuerulioue
938 390 1099 448 rursusque
1115 376 1147 430 dc

570 475 668 516 eorum
688 458 837 514 luteribus.

284 607 346 668 ΧΠ.
391 607 558 668 Nascuntur
578 613 675 667 autem
698 604 771 665 tales
791 607 907 666 numeri
924 624 957 666 ex
976 607 1117 667 naturalis
1132 623 1184 665 nu-

223 695 297 754 meri
308 694 509 770 dispositione,
523 709 583 752 non
598 689 844 768 quemadmodum
859 693 1028 769 superiores
1039 691 1183 768 trianguli,

197 785 255 840 sut
270 778 412 839 ordinatis
428 776 463 837 ad
479 794 511 836 se
526 777 651 836 invicem
668 774 801 835 numeris
816 784 1044 853 congregemur,
1061 775 1112 836 sed
1128 793 1184 835 nno

221 881 338 942 semper
359 863 543 929 intermisso,
575 861 626 939 qui
646 860 793 936 seqnitur,
825 859 850 918 si
876 878 942 920 cum
964 861 1118 938 superiore
1143 858 1186 919 vel

221 948 425 1026 superioribus
447 943 617 1022 colligatur,
650 943 802 1004 ordinatos
828 963 862 1003 ex
889 963 920 1004 se
941 944 1101 1023 quadratos
1126 944 1186 1004 elli·

220 1034 308 1092 ciem,
340 1017 533 1109 ‘Dispouatnr
555 1031 633 1090 enim
655 1046 796 1089 numerus
817 1028 959 1089 naturalis
975 1030 1033 1089 boc
1048 1029 1151 1090 modo:

276 1119 1146 1211 inmmnummwmmffl

183 1287 208 1327 10
285 1266 327 1326 Ex
343 1268 388 1327 his
404 1269 493 1345 igitur
509 1268 533 1327 si
549 1285 640 1327 unum
657 1267 823 1343 respiciam,
840 1265 1035 1343 primusmibi
1049 1274 1188 1326 natusest

222 1358 366 1431 potestate
388 1351 556 1428 quadratus.
608 1351 693 1422 Quod
717 1351 742 1411 si
762 1367 822 1409 uno
842 1349 946 1410 relicto
962 1351 1054 1429 priori
1067 1352 1186 1410 tertium

218 1438 345 1496 innuero
367 1435 516 1496 secundus
539 1435 611 1495 mibi
633 1435 793 1512 quadratus
814 1433 950 1495 eflicitur.
994 1435 1067 1495 Nam
1092 1437 1117 1496 si
1137 1436 1189 1494 uni

220 1520 324 1581 relicto
347 1519 462 1581 binario
485 1521 650 1580 ternarium
678 1520 860 1599 adposuero‚
887 1520 1092 1598 quaternarius
1118 1518 1190 1580 mihi

220 1605 380 1684 quadratus
402 1607 543 1666 exoritur.
594 1603 678 1675 Quod
704 1607 729 1664 si
749 1621 853 1664 rursus
873 1603 977 1665 relicto
998 1605 1095 1664 medio
1116 1622 1188 1681 qua-

181 1709 207 1748 15
223 1691 351 1750 ternario
367 1691 533 1769 quinarium
551 1689 686 1749 similiter
702 1688 918 1766 adgregavero,
942 1688 1102 1767 quadratus
1117 1689 1190 1762 mibi

220 1775 338 1844 tertius,
369 1773 397 1833 id
427 1782 471 1834 est
498 1775 690 1842 novenarius,
721 1782 905 1852 procreatur.
951 1773 1032 1835 Unus
1059 1775 1191 1833 enimet

221 1857 280 1917 ·lll·
313 1864 342 1917 et
370 1860 411 1918 ·V·
441 1858 537 1919 ·Vllll·
562 1857 711 1936 colligunt.
756 1859 792 1917 At
813 1875 884 1918 vero
904 1859 929 1916 si
952 1858 997 1918 bis
1016 1859 1190 1919 intermisso

220 1942 335 2002 senario
357 1945 557 2021 septenarium
579 1943 698 2020 iungam
720 1949 779 2002 tota
796 1943 825 2002 in
842 1941 969 2003 sedecim
986 1960 1103 2002 summa
1118 1961 1190 2003 eon·

219 2028 342 2095 crescit,
365 2027 393 2086 id
416 2034 461 2088 est
482 2029 579 2105 quarti
601 2027 736 2104 quadrati
763 2029 968 2087 numerositas.
1013 2026 1050 2086 Et
1071 2035 1104 2087 ut
1118 2026 1190 2087 bre-

180 2130 206 2170 m
224 2113 298 2172 viter
314 2111 400 2174 huius
416 2113 510 2172 forma
526 2113 740 2189 procreationis
756 2121 905 2191 appareat,
923 2113 947 2172 si
960 2112 1059 2172 cuncti
1069 2112 1192 2189 inpares

216 2198 333 2258 sibimet
360 2198 547 2276 adponamur
577 2195 729 2258 conlocato
758 2195 871 2257 scilicet
896 2195 1021 2257 naturali
1052 2213 1210 2266 numero,

220 2282 429 2360 quadratorum
447 2282 520 2343 ordo
537 2289 662 2342 texetur.
699 2280 751 2340 Est
767 2281 853 2340 etiam
869 2282 898 2339 in
914 2280 960 2340 bis
976 2280 1049 2340 haec
1066 2288 1193 2342 naturae

220 2365 364 2427 subtilitas
384 2376 413 2427 et
433 2366 614 2430 inmutabilis
630 2365 783 2434 ordinatio,
801 2365 879 2441 quod
894 2374 938 2425 tot
952 2367 1082 2426 unitates
1098 2385 1192 2428 unus·

220 2451 343 2529 quisque
370 2451 580 2527 qtiadratorum
607 2448 747 2509 retinebit
767 2451 796 2508 in
820 2448 926 2520 latere,
956 2452 1056 2528 quami
1079 2450 1193 2511 luerim

182 2547 208 2588 25
222 2536 338 2593 numeri
360 2535 396 2593 ad
417 2537 654 2596 coniunctionem
671 2535 823 2611 propriam
839 2536 1020 2612 cougregati.
1067 2535 1146 2596 Nam
1162 2538 1191 2595 in

218 2619 314 2694 primo
337 2617 495 2695 quadrato,
522 2621 662 2698 quoniam
683 2638 718 2679 ex
742 2636 800 2679 uno
816 2619 862 2690 lit,
887 2637 964 2680 unus
980 2620 1068 2680 estin
1085 2619 1191 2689 latere,

216 2701 408 2771 insecundo,
429 2703 459 2762 id
477 2710 521 2763 est
536 2705 739 2780 quaternario,
763 2706 901 2783 quoniam
919 2723 952 2764 ex
970 2721 1029 2764 uno
1049 2704 1208 2766 utribus

287 2890 299 2935 l
319 2888 442 2952 inscript.
462 2903 507 2939 om.
523 2888 548 2937 d.
569 2884 583 2954 b
602 2903 702 2952 genere
721 2888 741 2938 f.
765 2885 777 2955 Η
799 2892 828 2938 et
846 2904 939 2939 rursus
957 2889 976 2938 f.
1028 2892 1044 2939 3
1062 2889 1191 2940 Nosenn·

217 2959 261 3004 tur
280 2970 301 3004 r.
376 2955 456 3006 6vel
476 2957 663 3022 superioribus
687 2972 731 3006 om.
752 2955 781 3017 (1,
806 2957 850 3007 vel
875 2972 936 3006 cum
959 2957 1152 3021 superioribus
1172 2959 1207 3016 f.,

217 3022 356 3073 telfieiet
375 3040 406 3088 a,
427 3040 454 3087 c,
475 3024 498 3081 f,
518 3040 543 3086 r,
565 3039 586 3074 s.
641 3026 671 3073 ta
689 3019 755 3090 uni]
773 3039 828 3075 uno
847 3040 877 3086 a,
898 3040 925 3087 c,
946 3023 976 3087 d,
995 3040 1023 3088 r,
1043 3038 1069 3084 s3
1089 3040 1149 3087 uno
1168 3032 1192 3074 et

215 3107 296 3154 supra
314 3106 329 3140 ο
348 3093 358 3139 i
376 3092 402 3141 b.
481 3093 590 3142 14-16
614 3091 766 3155 quadratus
863 3106 1054 3157 aggregavero
1076 3094 1104 3142 in
1122 3111 1191 3144 mor-

214 3160 273 3220 piue
291 3159 416 3222 inferiore
435 3175 456 3210 r.
527 3162 558 3210 l‘l
578 3164 634 3210 tres
654 3194 681 3208 ..
701 3161 822 3223 quinque
842 3199 869 3212 ..
888 3158 1029 3218 munemel,
1050 3159 1068 3210 l.
1093 3155 1105 3226 U
1132 3162 1190 3212 col·

215 3226 313 3290 legunt
336 3243 366 3288 a,
391 3227 413 3288 l,
438 3242 459 3276 r.
500 3224 511 3293 ll
552 3228 581 3276 in
606 3227 663 3290 his,
687 3228 716 3276 in
734 3229 848 3286 inducto,
874 3243 903 3290 a,
927 3243 1021 3277 rasura
1041 3228 1144 3292 deleto,
1171 3243 1206 3278 s.‘

215 3294 411 3344 tentabimus
435 3311 451 3343 a
474 3303 501 3344 et
522 3311 603 3360 supra
621 3311 718 3345 uersum
735 3311 787 3346 sec.
805 3312 892 3345 mauu:
916 3295 1077 3359 subtilitos3
1103 3299 1191 3348 stabi-

215 3361 282 3412 litos
301 3361 349 3412 vel
368 3362 510 3413 subtilitas
529 3379 558 3425 ος
583 3364 723 3414 subtilitas
747 3371 870 3428 utsupra
887 3379 999 3413 uersum:
1027 3363 1060 3412 In
1079 3362 1112 3414 at
1131 3371 1191 3415 sta-

215 3429 311 3480 bilitas
330 3431 360 3494 b,
380 3446 401 3479 r.
437 3429 448 3498 l}
482 3431 620 3482 inmobilis
639 3447 668 3493 a,
688 3446 716 3494 c,
736 3446 765 3492 ες
795 3431 967 3482 inmutabilis
986 3439 1011 3481 et
1028 3447 1111 3496 supra
1129 3441 1205 3486 uer-4

214 3514 267 3548 sum
286 3503 314 3548 et
331 3499 472 3550 inmobilis
490 3498 522 3558 b;
542 3499 719 3550 immolabilis
738 3515 758 3550 r.
