2446 3964
209 161 252 225 94
509 159 600 212 insu.
618 159 772 210 anurnio.
791 159 834 221 11,
854 161 879 208 e.

210 333 306 412 quarti
327 349 411 402 vero,
434 331 462 390 id
487 336 530 390 est
546 329 630 399 ·XV·,
654 328 807 406 quinarius
827 326 903 386 latus
923 333 1019 397 tenet,
1043 335 1072 388 et
1087 329 1185 406 quinti
1208 303 1209 308 ἵ

209 418 343 479 senarius
358 416 495 494 idemque
512 422 555 474 est
571 416 709 491 usquein
726 412 883 472 infinitum.

350 607 395 662 De
409 609 596 678 generatione
612 599 1035 676 triangulorum'numerorum.

101 775 110 802 ⁸
273 753 360 814 Villi.
406 753 574 814 Nascuntur
602 758 700 812 autern
726 749 867 827 trianguli
889 749 1030 827 disposita
1051 750 1184 810 naturali

182 856 195 896 e
210 840 372 921 quantitate
388 855 597 907 numerorum,
619 837 642 896 si
662 835 812 914 prioribus
827 853 944 932 semper
960 833 1118 895 multitudo
1134 853 1183 894 se·

208 925 361 1003 quentiunr
388 930 599 999 congregetur
647 920 825 998 Disponatur
854 921 932 979 euim
961 917 1103 980 naturalis
1124 937 1183 980 nu·

209 1027 310 1069 merus
326 1008 383 1068 hoc
399 1007 502 1066 mede:

336 1126 357 1186 i.
389 1125 424 1186 ΙΙ.
456 1125 506 1186 111.
536 1124 599 1185 llil.
630 1125 662 1184 V.
694 1122 741 1184 v1.
771 1122 831 1182 Vll.
862 1122 934 1182 vul.
963 1122 1048 1182 Vllll.

88 1310 91 1316 ,
207 1245 251 1305 Ex
277 1244 324 1304 his
349 1245 440 1320 igitur
464 1245 490 1303 si
515 1245 644 1320 primum
665 1259 793 1310 sumam,
821 1241 851 1302 u
878 1249 922 1301 est
945 1242 1102 1311 unitatem,
1128 1241 1185 1302 ha-

170 1347 194 1386 10
208 1329 265 1389 beo
280 1331 410 1406 primum
426 1326 622 1406 triangulum,
646 1329 696 1405 qui
717 1337 761 1386 est
777 1328 804 1385 vi
820 1334 849 1386 et
863 1333 1022 1404 potestate,
1045 1326 1185 1386 nondum

209 1415 297 1473 etiarn
318 1420 386 1473 actu
408 1430 464 1472 nec
485 1429 585 1489 opere.
635 1411 711 1471 Huic
732 1412 758 1470 si
779 1411 942 1471 secundum
967 1411 1183 1488 adgregavere,

208 1499 305 1576 quiin
321 1496 448 1558 naturali
463 1514 657 1557 numerorum
673 1496 866 1575 dispositione
882 1496 1048 1573 descriptus
1064 1503 1124 1565 est,
1151 1497 1184 1555 id

209 1590 253 1643 est
267 1582 430 1652 binarium,
447 1583 561 1660 primus
577 1581 648 1641 mihi
664 1581 829 1658 triangulus
845 1598 937 1659 opere
953 1590 983 1641 et
998 1587 1064 1640 actu
1080 1583 1185 1640 nasci-

105 1682 106 1685 ’
207 1677 271 1738 tur,
293 1669 321 1727 id
343 1675 387 1726 est
407 1667 564 1728 ternarius.
615 1666 646 1726 Si
668 1684 736 1726 vcro
758 1664 828 1726 huic
851 1666 969 1725 tertium
994 1683 1029 1724 ex
1050 1665 1184 1725 naturali

169 1768 195 1808 15
208 1770 333 1812 numero
350 1751 501 1819 adiecero,
526 1751 673 1810 secundus
689 1750 762 1810 mihi
778 1768 868 1828 opere
885 1759 914 1809 et
929 1756 995 1810 actu
1010 1749 1185 1826 triangulus

207 1843 393 1914 procreetur.
410 1836 506 1914 Super
521 1853 613 1895 unum
630 1835 749 1894 enimet
764 1833 823 1894 duo
835 1837 858 1894 si
871 1836 1000 1901 tertium,
1018 1833 1048 1892 id
1061 1840 1106 1892 est
1117 1841 1184 1894 ter-

207 1921 323 1982 narium
340 1921 549 1998 adgregavere,
566 1921 699 1980 senarius
712 1919 890 1987 extenditur,
905 1919 1052 1979 secundus
1064 1917 1185 1979 scilicet

207 2004 382 2084 triangulus.
435 2005 511 2064 Huic
541 2022 611 2064 vero
640 2007 666 2064 si
695 2011 925 2082 consequentem
955 2004 1184 2082 quaternarium

207 2108 444 2169 superposuero,
472 2089 610 2149 denarius
632 2087 810 2168 explicatur,
839 2091 890 2166 qui
918 2097 962 2149 est
982 2088 1088 2148 tertius
1109 2096 1184 2148 actu

168 2192 194 2232 eo
208 2175 387 2274 triangulus,
416 2192 490 2254 quos
511 2192 566 2253 per
586 2173 678 2234 latera
702 2173 862 2253 disponens
883 2173 918 2233 ad
941 2173 1104 2252 superioris
1126 2173 1183 2232 de-

207 2261 376 2340 scriptionis
412 2259 563 2337 cxcmplar
593 2265 716 2319 cunctos
748 2256 911 2334 triangulos
942 2274 1082 2317 numeros
1112 2259 1185 2317 sine

208 2345 296 2405 uilius
312 2344 503 2405 dubitationis
519 2343 673 2404 erroribus
689 2343 870 2419 pernotabis
917 2343 953 2402 Et
969 2348 1093 2420 quantas
1109 2326 1185 2401 ulti-

207 2447 272 2489 mus
288 2447 430 2490 numerus
446 2429 476 2489 io
491 2447 523 2489 se
537 2431 665 2489 unitates
681 2427 784 2494 habet,
801 2445 888 2505 quern
904 2424 1109 2504 superioribus
1125 2427 1184 2487 ad·
1208 2445 1209 2480 ³

206 2511 358 2590 gregabis,
381 2515 452 2571 tot
444 2531 523 2590 ipse,
548 2514 597 2592 qui
618 2513 651 2572 tit
666 2511 843 2590 triangulus,
867 2513 994 2573 unitates
1009 2509 1157 2570 habebit
1149 2531 1185 2571 in
1208 2559 1209 2588 2

309 2698 491 2815 ettquar13
465 2711 482 2744 e
509 2696 535 2758 b,
556 2695 624 2759 c,d,
644 2696 664 2760 l,
684 2711 706 2747 s.
729 2693 742 2763 ΙΙ
764 2712 830 2747 vero
848 2699 1018 2759 induetuma3
1038 2696 1148 2746 enimi.
1167 2696 1183 2764 Η
1208 2699 1209 2738 3

206 2768 299 2830 quarti
320 2780 417 2814 vero.
452 2763 576 2814 ..latus
599 2769 677 2814 tenet
699 2781 745 2816 om.
765 2764 794 2828 d,
817 2781 844 2828 r3
869 2767 948 2815 ned
938 2782 965 2814 m
987 2767 1045 2814 rin
1062 2766 1187 2828 margine

204 2836 322 2898 leguntur
346 2834 440 2898 quarti
430 2847 553 2882 everc.
607 2833 777 2896 .quinarius
796 2841 821 2882 et
839 2835 940 2892 eadem,
965 2848 1030 2898 quoe
1052 2832 1123 2895 infra
1143 2850 1209 2896 ex,

205 2903 316 2951 scitata
333 2907 400 2954 sunt,
424 2897 436 2966 1}
460 2901 635 2965 quindenarii
654 2903 778 2950 eontinet
794 2900 868 2950 latus
888 2899 1069 2964 quinariusf.
1094 2895 1106 2964 ΙΙ
1136 2904 1185 2950 te·
1208 2899 1209 2902 ’

205 2967 267 3033 net]
295 2973 357 3019 cent
346 2968 458 3018 tinetl.
492 2964 504 3034 ΙΙ
537 2969 639 3033 quinti,
667 2968 694 3018 id
719 2973 761 3018 est
785 2970 875 3019 --xrss
900 2984 922 3020 s
1007 2966 1184 3032 2idemque

204 3052 292 3100 usque
315 3037 344 3086 in
366 3035 518 3101 infinitum]
543 3037 616 3086 sexti
639 3035 739 3086 deinde
762 3037 790 3085 id
813 3041 856 3086 est
878 3036 1016 3086 vicenarii
1035 3039 1063 3084 et
1081 3039 1185 3086 octavi

204 3107 381 3170 septenarius
403 3104 478 3155 letus
503 3104 626 3155 continet
650 3103 798 3169 eodemque
816 3104 895 3154 modo
913 3118 1000 3168 nsque
1022 3099 1067 3168 [in
1084 3100 1144 3168 r]
1135 3119 1185 3153 m-

204 3173 312 3222 finitum
334 3177 544 3239 propageturs.
573 3168 585 3239 ll
618 3176 725 3223 estem.
747 3188 777 3233 a,
796 3172 827 3234 d,
848 3173 871 3231 f,
890 3189 912 3221 r.
942 3169 953 3238 ΙΙ
982 3185 1071 3234 usque
1089 3187 1138 3221 om.
1159 3189 1187 3225 r.
1208 3187 1209 3200 ἢ

204 3244 220 3292 3
243 3241 349 3290 tiendum
367 3257 413 3294 om
434 3241 460 3291 d.
512 3240 636 3292 4VIIII.
656 3256 702 3292 em
721 3241 741 3293 f.
763 3237 776 3307 Η
799 3209 993 3290 N’escunturr
1017 3235 1031 3304 [l
1053 3239 1186 3289 naturali

204 3325 284 3373 supro
301 3309 442 3362 versumd.
504 3311 735 3372 ticongregatur3
755 3325 772 3358 a
789 3315 883 3358 mutato
902 3310 975 3366 ine,
996 3323 1021 3356 a
1086 3308 1209 3371 tipri-

204 3393 275 3427 mum
302 3377 471 3444 triangulum
499 3392 528 3436 a,
557 3392 585 3436 c,
614 3391 641 3436 s3
672 3376 841 3441 triangulum
868 3389 950 3440 supro
972 3391 1070 3425 uersum
1095 3377 1171 3438 b‚r
1174 3415 1182 3426 .

205 3448 236 3496 13
254 3446 322 3496 mihi
340 3461 386 3496 om.
406 3463 429 3495 c.
497 3442 776 3509 inconsequentem]
797 3448 960 3508 sequentem
980 3459 1004 3496 c.
1077 3445 1111 3492 19
1133 3459 1184 3493 ex·
1208 3455 1209 3502 ξ

203 3513 354 3578 plicabitur
372 3531 397 3564 a.
467 3517 500 3564 20
519 3511 578 3578 per]
599 3527 682 3575 super
701 3528 726 3565 a.
757 3509 769 3578 ΙΙ
798 3512 924 3577 superius
944 3511 965 3564 i.
