2398 3968
336 171 429 224 mar.
446 170 600 222 narrum.
619 173 662 236 Η,
682 177 706 224 a.
972 173 1012 237 33

86 342 108 400 r.
153 341 212 402 rm.
280 343 352 403 xvr.
419 342 533 403 cxuu.
599 341 714 404 cccvi.
783 329 910 406 ixxrm.

163 447 185 505 v
281 444 343 505 xx.
421 444 531 505 cxxx.
597 443 726 507 cccxx.
782 431 952 509 icccxxx.

285 545 371 606 xxv.
452 547 484 606 c.
594 547 695 610 cccc.
780 533 854 610 inc,

426 646 533 710 cxxv.
636 651 668 710 o.
798 637 836 712 ix.

598 751 731 814 ocxxv.
782 739 845 813 iro.
1025 773 1037 812 t

44 935 115 996 ilinc
136 953 256 1016 quoque
277 937 469 1014 perspicuum
485 945 529 996 est
550 938 882 1018 superparticularium,
905 887 1030 1016 quem·A
1080 964 1125 1012 ue,

44 1021 198 1082 admodum
226 1022 310 1098 prius
333 1029 482 1080 ostensum
507 1029 565 1091 est,
593 1024 705 1099 primos
727 1042 792 1084 esse
818 1021 1005 1102 multiplices,

44 1107 64 1164 si
85 1107 203 1184 quidem
220 1104 354 1184 duplices
370 1105 584 1184 sesqualteros,
597 1107 738 1185 triplices
759 1108 963 1187 sesquitertios
980 1116 1008 1168 et

43 1195 135 1252 cuncti
157 1189 335 1270 multiplices
357 1197 481 1250 cunctos
508 1191 538 1249 in
561 1189 695 1254 ordinem
718 1193 1005 1272 superparticulares
1019 1213 1043 1252 ao

43 1284 148 1337 creant.
186 1275 239 1336 Est
256 1276 342 1336 etiam
364 1276 395 1336 in
411 1274 458 1334 his
473 1276 753 1356 quoquemirabile.
799 1277 934 1355 Namque
955 1277 1007 1338 ubi

42 1363 132 1436 prima
147 1361 272 1422 latitudo
288 1362 378 1420 inerit
393 1359 517 1437 duplex,
542 1369 569 1420 et
591 1362 645 1422 sub
662 1363 774 1423 eisdem
791 1364 841 1442 qui
857 1369 925 1422 sunt
941 1363 1006 1423 ver-'

42 1463 86 1506 sus
101 1447 236 1507 continui
252 1445 419 1506 alternatim
436 1445 522 1522 positi
537 1447 699 1508 secundum
716 1449 823 1508 seriem
846 1447 1006 1508 latitudinis

42 1529 170 1608 duplices
186 1541 282 1590 erunt.
325 1529 355 1589 Si
371 1547 441 1590 vero
461 1531 572 1590 luerint
586 1531 716 1610 triplices
732 1539 762 1592 et
782 1533 940 1591 interiores
956 1550 1005 1591 or-

42 1614 119 1676 dines
145 1614 233 1693 tripla
259 1633 291 1674 se
317 1618 347 1674 in
374 1615 435 1674 suis
462 1615 596 1675 terminis
619 1615 860 1695 multiplicatione
881 1633 1004 1692 supera·
1018 1621 1053 1674 15'

9 1705 10 1784 l
42 1700 126 1768 bunt;
150 1707 179 1760 at
199 1703 229 1760 in
245 1698 410 1778 quadrupla
426 1699 583 1778 quadrupli
598 1708 686 1778 atque
701 1701 759 1761 ho'c
774 1701 804 1759 in
820 1699 934 1761 infinita
950 1700 1013 1759 dur

9 1793 10 1842 ἶ
42 1794 117 1844 ctum
139 1779 339 1863 speculatione
361 1801 420 1843 non
442 1783 524 1844 fallit.
560 1784 724 1863 angulares
752 1793 850 1845 autem
871 1787 1002 1846 omnium

42 1869 212 1950 multiplices
234 1870 351 1929 evenire
374 1886 495 1928 necesse
518 1877 569 1929 est.
607 1871 701 1930 Erunt
722 1877 819 1931 autem
841 1870 1002 1948 duplicium

42 1955 156 2034 quidem
172 1953 319 2033 triplices,
342 1953 503 2030 triplicium
520 1954 744 2034 quadruplices,
767 1954 1001 2035 quadruplorum

9 2079 10 2084 η
42 2058 108 2099 vero
130 2037 281 2117 quincupli
302 2046 331 2097 et
352 2037 516 2098 secundum
538 2040 661 2100 eandem
678 2041 790 2100 ordinis
806 2041 1001 2099 incommuta·
1016 2059 1041 2098 ao

9 2183 10 2188 ,
41 2123 127 2184 bilem
142 2124 287 2184 rationem
302 2121 421 2182 sibimet
435 2132 541 2184 cuncta
558 2125 755 2186 consentient.
783 2123 896 2194 Quibus
913 2141 1003 2200 expo·

41 2211 100 2268 sitis
125 2209 160 2268 ad
187 2215 361 2289 sequentem
395 2210 495 2284 operis
522 2209 629 2270 seriem
659 2215 822 2288 conpetens
847 2208 1004 2283 disputatio

44 2301 237 2353 convertatur.

44 2467 122 2534 Quod
132 2469 286 2538 multiplea
304 2467 488 2522 intervallum
504 2467 661 2538 exquibus
683 2467 1004 2538 superparticularibus

43 2555 187 2608 medietate
202 2555 302 2622 posita
322 2551 484 2607 interuallis
503 2553 557 2622 fiat
573 2553 692 2624 eiusque
706 2553 872 2608 inveniendi
889 2554 1001 2624 reputa.
1016 2565 1042 2605 aa

100 2683 147 2743 lll.
165 2683 196 2743 Si
207 2683 297 2759 igitur
311 2682 385 2742 duae
398 2682 796 2760 primaesuperparticularis
809 2685 923 2762 species
932 2702 1003 2743 con·

43 2768 209 2845 iungantur,
225 2768 321 2844 prima
336 2767 451 2844 species
465 2766 717 2846 multiplicationis
730 2771 871 2829 exoritur.
899 2767 1002 2828 Omnis

42 3005 72 3010 —
87 2938 103 2985 a
116 2921 166 3002 E]
182 2921 357 2989 marcono
371 2935 496 3012 ΧΨ.
511 2921 863 3013 a;i.-cccoxxxv1.j.
899 2923 1001 3001 airon

41 3021 73 3073 11.
86 3019 247 3071 ceaxxvx
260 3036 291 3080 a,
305 3019 324 3069 f.
361 3020 439 3070 6111,
454 3017 563 3086 cxxv]
579 3021 802 3083 111.Dch1a;
821 3019 1000 3072 xxocxvu

43 3104 63 3162 a
87 3089 123 3154 si.
144 3105 217 3154 cxx
237 3120 261 3154 a.
319 3104 575 3168 sequacem...
596 3141 602 3152 .
625 3107 795 3170 triplicesue
818 3108 931 3170 maurae
949 3104 973 3154 a.
993 3103 1001 3170 u

42 3172 221 3238 sesqualteros
249 3177 346 3222 creant
372 3187 394 3223 s.
425 3169 436 3238 [l
470 3173 534 3222 Post
561 3174 751 3236 sesquitertios
777 3175 851 3224 addit
877 3178 906 3224 et
933 3189 1000 3237 qua·

43 3240 125 3306 drupli
142 3245 303 3305 sesquertns
322 3241 342 3291 f.
388 3243 419 3290 10
431 3240 598 3306 multiplices
618 3246 712 3292 cuncti
732 3258 756 3302 a,
776 3258 800 3305 c,
820 3257 841 3291 s.
890 3242 922 3290 14
934 3257 999 3291 vero

43 3325 80 3360 ou.
99 3310 120 3372 l;
137 3325 219 3373 supra
235 3325 335 3360 uersum
351 3310 379 3359 b.
461 3309 493 3357 16
512 3313 542 3358 at
559 3324 605 3359 oua.
625 3327 650 3375 a,
670 3311 696 3368 b,
717 3325 745 3370 ος
766 3314 849 3374 atque
867 3325 889 3362 r.
912 3305 924 3373 ΙΙ
947 3308 999 3357 hoc

42 3394 80 3428 om.
99 3393 119 3429 s.
146 3373 158 3442 Η
185 3377 215 3426 in
239 3394 286 3445 pm.
305 3377 334 3439 d;
357 3392 438 3441 supra
455 3393 553 3427 uersum
572 3392 603 3442 a,
628 3395 651 3428 c.
678 3374 691 3444 fl
714 3377 825 3427 doctum
844 3393 872 3434 a,
899 3377 923 3436 f;
949 3374 1000 3425 ali-

43 3460 114 3508 quem
131 3443 243 3494 ductum
261 3461 283 3495 s.
353 3446 384 3495 18
404 3442 505 3509 autem]
528 3445 649 3508 enimc,
669 3462 690 3496 r.
743 3448 774 3494 21
794 3447 998 3494 cunctaeque.

42 3515 67 3562 ll
78 3513 198 3578 Inscript.
212 3529 260 3567 om.
271 3513 296 3563 d.
310 3509 322 3580 ΙΙ
334 3512 550 3578 particularibus
563 3513 582 3562 f.
620 3515 652 3564 26
663 3512 933 3578 superparticulares
946 3507 998 3570 a,f.

755 3599 796 3657 6*
