2426 4002
197 157 238 222 58
496 156 588 210 ruer.
607 157 758 209 anrrflu.
778 157 804 220 1,
823 156 865 212 aa.

198 338 256 390 tur.
278 327 406 390 Habebit
421 337 518 389 autem
533 325 580 389 vel
595 326 668 388 duas
683 327 800 406 quintas
816 325 861 387 rel
876 326 950 388 duas
965 327 1107 406 septimas
1122 326 1174 388 vel

198 413 270 474 duas
291 431 384 476 nonas
406 420 436 474 et
452 415 492 474 ita
513 411 788 491 progredientibus,
816 413 840 473 si
867 411 940 472 duas
965 409 1043 472 solas
1068 419 1176 489 partes

197 500 321 560 minoris
337 499 452 560 numeri
469 495 698 577 superhabuerit
717 514 771 575 per
787 497 905 558 easdem
927 502 1027 574 partes
1054 497 1173 575 inpari-

196 582 252 645 bus
267 585 400 644 numeris
414 584 560 644 minorem
577 583 671 643 maior
692 599 807 642 summa
822 579 1014 644 transcendit.
1045 579 1121 642 Nam
1145 584 1172 641 si

171 681 265 728 ceum
280 667 388 728 babeat
401 673 496 729 totum
512 675 542 727 et
556 667 629 728 duas
645 667 707 727 eius
729 673 865 745 quartas,
886 663 1172 745 superparticularis

197 753 367 813 necessario
382 753 565 831 repperitur,
587 768 655 811 nam
677 749 753 812 duae
773 757 897 830 quartae
917 749 1061 812 medietas
1077 757 1122 811 est
1138 763 1171 812 et

196 837 228 897 iit
243 835 424 917 sesqualtera
437 837 633 915 temperatim
650 837 694 896 sin
709 852 780 896 vero
796 835 869 896 duas
879 842 984 904 sextas,
1000 851 1107 897 rursus
1124 846 1172 896 est

196 919 489 1002 superparticularis,
507 921 582 982 duae
598 921 676 980 enirn
689 929 788 982 sextae
800 937 869 998 pars
884 921 972 982 tertia
984 927 1042 988 est,
1059 920 1170 999 quodsi

195 1009 225 1067 in
241 1007 462 1084 comparatione
477 1014 620 1084 ponatur,
642 1006 845 1085 sesquitertiae
861 1004 1041 1066 habitudinis
1057 1004 1172 1066 alliciet

157 1109 182 1147 ιο
195 1091 331 1152 formam.

258 1174 329 1235 Post
348 1175 402 1236 hos
423 1182 585 1236 nascuntur
607 1177 746 1244 comites,
776 1175 825 1255 qui
852 1173 1168 1252 subsuperpartientes

196 1267 347 1321 vocantur.
376 1260 413 1320 Hi
428 1268 526 1336 autern
547 1267 631 1328 sunt,
653 1261 702 1338 qui
723 1259 871 1320 habentur
890 1257 927 1319 ab
949 1257 1005 1318 alio
1026 1276 1166 1330 numero,

195 1354 347 1405 eteorum
372 1342 415 1404 rel
438 1344 514 1405 duae
533 1342 578 1404 vel
599 1353 660 1405 tres
688 1343 733 1404 vel
756 1343 827 1404 llll·
857 1342 902 1405 vel
924 1342 1069 1421 quotlibet
1089 1343 1168 1404 aliae

194 1437 303 1507 partes.
317 1403 365 1489 (Si
382 1445 454 1506 ergo
469 1446 613 1490 numerus
628 1427 715 1490 aliurn
731 1431 808 1489 intra
829 1446 861 1488 se
876 1445 1033 1489 numerum
1049 1427 1167 1489 habens

156 1527 182 1568 15
195 1514 258 1574 eius
288 1513 360 1574 duas
392 1521 491 1592 partes
517 1513 669 1584 hahuerit,
704 1513 958 1592 superbipartiens
983 1513 1167 1582 nominatur,

193 1600 239 1658 sin
254 1616 324 1660 vero
340 1606 416 1668 tres,
434 1599 708 1678 supertripartiens,
725 1598 830 1677 quodsi
846 1597 930 1668 ·llll·‚
952 1597 1169 1677 superquadri-

194 1684 338 1761 partiens,
365 1691 453 1783 atque
473 1686 512 1744 ita
535 1683 795 1763 progredientibus
821 1684 851 1743 in
878 1682 1024 1742 inlinitum
1050 1682 1168 1759 lingere

163 1785 164 1789 ¹
194 1768 314 1827 nomina
329 1765 419 1827 licet’
438 1767 518 1828 Ordo
535 1777 632 1829 autem
655 1786 758 1829 eorum
783 1765 924 1828 naturalis
944 1774 1004 1840 est,
1025 1769 1168 1847 quotiens

195 1850 391 1929 disponuntur
411 1870 427 1912 a
448 1852 544 1912 tribus
565 1871 669 1914 omnes
690 1870 778 1932 pares
799 1861 887 1932 atque
909 1853 1029 1929 inpares
1045 1851 1166 1913 numeri

155 1952 181 1992 ro
194 1935 367 1997 naturaliter
386 1938 537 1999 constituti
560 1946 589 1998 et
609 1937 663 1999 sub
679 1939 726 1998 his
741 1945 879 2016 aptantur
900 1935 964 2006 alii,
987 1937 1037 2015 qui
1058 1944 1128 1998 sunt
1150 1956 1165 1998 a

193 2021 327 2099 quinario
344 2038 469 2083 numero
484 2024 660 2102 incipientes
675 2040 779 2083 omnes
794 2024 921 2101 inpares.
949 2020 1002 2081 His
1022 2021 1112 2099 igitur
1125 2023 1167 2083 ita

194 2105 341 2184 dispositis
356 2106 381 2166 si
395 2106 509 2186 primus
524 2109 637 2186 primo,
653 2107 800 2169 secundus
816 2107 962 2175 secundo,
981 2108 1085 2167 tertius
1100 2114 1165 2166 ter·
1204 2165 1205 2169 ,

193 2193 233 2251 tio
249 2198 278 2251 et
292 2192 383 2252 ceteri
399 2193 506 2253 ceteris
526 2199 751 2270 comparentur,
774 2193 998 2270 superpartiens
1018 2190 1166 2252 habitudo

193 2284 378 2353 procreatur.
415 2275 457 2337 Sit
473 2279 551 2338 enirn
568 2276 721 2354 dispositio
738 2276 794 2336 boc
810 2275 914 2336 modo:

155 2411 180 2452 aa
267 2393 315 2454 lll.
339 2393 401 2454 liii,
435 2395 468 2454 V.
561 2396 607 2456 Vl.
647 2394 707 2455 Vll.
758 2393 839 2455 Vlll.·
855 2393 941 2454 Vllll.
974 2393 1008 2454 X.

267 2481 299 2538 V.
337 2477 396 2538 Vll.
434 2477 520 2539 Vllll.
559 2479 606 2540 Xl.
645 2478 721 2540 Xlll.
758 2478 817 2539 XV,
855 2478 941 2540 XVll.
976 2477 1090 2540 XVllll.

261 2663 388 2713 1Habet
406 2678 433 2721 a,
460 2678 487 2725 c,
507 2679 533 2725 r,
554 2679 575 2715 s.
599 2660 611 2730 ΙΙ
635 2662 739 2732 aulem]
765 2665 837 2714 enim
861 2681 887 2728 r,
907 2681 929 2716 s.
958 2662 969 2731 Η
991 2669 1091 2718 autem
1116 2667 1166 2716 vel

193 2747 238 2782 om.
259 2745 283 2782 c.
369 2732 498 2795 2portea
521 2730 596 2781 solas
615 2748 643 2794 c,
668 2747 694 2796 r,
713 2749 735 2782 a.
824 2733 886 2784 3in
909 2733 1167 2798 partibusnumeri
1201 2739 1202 2778 t

191 2804 309 2848 mitratum
326 2799 353 2847 in
374 2798 519 2863 inparibus
537 2800 658 2850 numeris
678 2814 708 2863 ας
731 2801 845 2868 imparis
863 2801 970 2852 numeri
992 2803 1019 2851 in
1040 2801 1120 2852 lituro
1139 2817 1164 2854 s.
1201 2781 1202 2815 l

193 2865 450 2916 bhabeateumf.
491 2869 506 2916 7
525 2867 631 2918 sivero
651 2884 787 2934 a‚o‚r,s.
810 2865 822 2935 ll
847 2870 890 2920 ·11·
910 2869 1005 2935 c‚l‚r.
1050 2870 1081 2918 11
1095 2869 1167 2920 Post

192 2934 242 2984 bos
262 2933 385 2985 decess.
406 2929 419 3000 ΙΙ
441 2939 605 2999 nascentur,
632 2938 693 2986 ain
709 2952 728 2986 u
746 2945 840 2988 tractato
859 2945 884 2988 a.
913 2934 925 3004 ll
953 2938 1167 3004 superpartien·
1200 2951 1201 2990 ζ

192 3001 443 3062 tes‚omiasosub,
464 3019 488 3054 o.
544 3003 797 3067 13·11·e,1,r,s.
823 3001 834 3072 ll
858 3003 1163 3068 ·111·o,e,f‚1,r‚s.
1200 2991 1201 3031 l

192 3066 330 3134 liquatuor
348 3069 381 3134 b,
400 3070 425 3123 d.
449 3065 462 3136 ΙΙ
486 3070 627 3136 quaelibet
645 3072 664 3121 f.
744 3075 775 3122 14
794 3071 880 3124 elium
898 3088 946 3123 om.
966 3089 988 3123 c.
1064 3075 1097 3124 tc
1116 3089 1166 3123 su·

192 3137 395 3202 perbipertiens
417 3139 459 3189 ln'c
476 3147 503 3188 et
524 3140 610 3203 infra,
635 3139 678 3190 ubi
699 3141 765 3190 idem
782 3143 822 3191 cel
838 3142 918 3192 simile
936 3141 1081 3193 vocobulum
1098 3143 1164 3206 leqr'-
1199 3139 1200 3172 l

193 3212 270 3257 tore.
324 3206 355 3254 16
374 3205 398 3255 si
415 3221 481 3257 vero
496 3222 597 3272 c‚r‚s.
620 3203 632 3275 ll
656 3207 714 3258 ·III·
735 3223 758 3269 o,
778 3208 803 3258 d.
827 3203 840 3276 ll
864 3213 995 3274 quattuor
1012 3208 1037 3260 d.
1073 3211 1162 3260 ttin-
1199 3177 1200 3247 l

192 3273 328 3337 cipientes
346 3289 392 3324 om.
413 3289 438 3326 a.
486 3277 518 3327 23
536 3275 816 3342 superpartientisa,
838 3292 862 3330 c.
910 3279 943 3328 24
961 3279 1010 3328 Fit
1027 3293 1049 3328 s.
1086 3281 1164 3328 boet
1198 3327 1199 3354 ,

189 3341 222 3389 26
240 3341 274 3390 In
292 3340 309 3389 d
328 3343 377 3394 duo
395 3342 422 3392 ln‘
437 3358 525 3394 veratro
542 3345 569 3393 in
586 3347 700 3408 marqtne
717 3344 844 3407 inferiore
865 3347 983 3411 teporatur
999 3349 1048 3398 aed
1064 3347 1163 3396 additis
1198 3355 1199 3378 ¹

190 3408 244 3458 ·XI·
264 3409 332 3460 ·XIl·
351 3417 377 3460 et
399 3409 480 3460 ·XXI·
504 3411 605 3462 xxm·
645 3411 745 3462 Tertius
766 3428 856 3464 corsua
879 3416 993 3466 continet
1015 3417 1069 3468 ·V1·
1093 3416 1161 3466 eius·
1198 3381 1199 3463 l

190 3509 238 3557 que
256 3495 347 3558 duplos
365 3510 443 3560 usque
462 3498 498 3547 od
515 3481 692 3554 ·sIlLXXlI·,
712 3505 823 3576 quartus·
836 3514 925 3551 uersus
943 3500 983 3550 ·X·
996 3501 1100 3566 eiusque
1113 3504 1161 3555 du·
1197 3493 1198 3561 l
