2398 3968
37 826 52 869 ol

177 168 219 232 66
478 166 571 218 rusr.
589 167 741 218 narrum
759 168 786 231 1,
806 171 849 220 aa.

178 348 212 401 ut
241 340 277 398 sit
306 336 471 416 subduplex
501 337 769 415 superbipartiens,
808 335 973 416 subduplex
1004 340 1148 416 supertri-

178 426 319 504 partiens.

179 615 391 672 Demonstratio
406 614 640 686 quemadmodum
661 615 750 668 omnis
764 614 961 685 inaequalitas
987 613 1023 668 ab
1040 627 1146 685 aequa-

519 700 600 754 litate
619 701 805 768 processerit,

153 864 167 904 a
244 846 360 909 XXXll.
384 846 487 906 Restat
502 853 600 907 autem
618 844 705 905 uobis
720 844 983 923 profundissimam
1000 845 1145 922 quandam

179 932 299 993 tradere
315 930 516 1008 disciplinam,
541 948 616 1008 quae
632 929 668 989 ad
684 948 804 989 omnem
820 938 943 989 naturae
960 931 1016 989 vim
1032 947 1146 990 rerum·

180 1035 237 1095 que
251 1019 451 1094 integritatem
465 1016 591 1075 maxima
603 1015 720 1074 ratione
730 1015 887 1092 pertineat.
904 1014 1026 1092 Magnus
1039 1016 1144 1092 quippe

179 1106 211 1162 in
226 1102 282 1161 hac
297 1103 421 1162 scientia
436 1099 549 1160 iruetus
566 1108 623 1169 cst,
641 1101 666 1159 si
682 1101 749 1176 quis
765 1116 823 1158 non
840 1100 966 1173 nesciat,
991 1099 1072 1176 quod
1093 1099 1142 1159 bo-

179 1189 256 1247 nitas
278 1185 397 1246 delinita
421 1192 450 1245 et
470 1184 524 1245 sub
546 1185 698 1245 scientiam
722 1183 830 1244 cadens
851 1185 1008 1262 animoque
1030 1201 1145 1261 semper

141 1287 166 1325 ro
179 1269 330 1330 imitabilis
351 1279 380 1329 ct
399 1269 601 1347 perceptibilis
622 1271 718 1346 prima
742 1275 847 1329 natura
870 1275 913 1330 est
935 1276 964 1328 et
986 1287 1057 1329 suae
1079 1270 1144 1330 sub-

180 1357 304 1415 stantiae
320 1355 429 1414 decore
445 1360 604 1432 perpetua,
626 1354 771 1413 inlinitum
788 1371 859 1414 vero
875 1352 1003 1414 malitiae
1019 1354 1146 1414 dedecus

181 1449 238 1514 est,
263 1437 354 1499 nullis
376 1439 505 1516 propriis
526 1439 679 1516 principiis
694 1440 811 1507 nixum,
834 1438 886 1498 sed
907 1447 1012 1498 natura
1028 1457 1145 1518 semper

181 1543 284 1585 errans
300 1543 314 1584 a
331 1523 401 1584 bani
418 1523 589 1583 delinitione
611 1525 749 1602 principii
770 1531 919 1600 tamquam
942 1522 1040 1601 aliquo
1062 1526 1145 1602 signo

180 1611 307 1688 optimae
334 1609 445 1685 figurae
470 1610 604 1685 inpressa
627 1609 815 1686 componitur
847 1616 876 1668 et
902 1625 936 1667 ex
964 1605 1013 1667 illo
1037 1610 1146 1668 erroris

142 1706 166 1745 15
179 1693 271 1754 fluctu
288 1696 444 1754 retinetur.
471 1693 545 1753 Nam
560 1694 680 1753 nimiam
697 1692 888 1771 cupiditatem
904 1693 1026 1768 iraeque
1041 1694 1145 1753 immo-

181 1777 276 1838 dicam
292 1777 517 1837 effrenationem
533 1779 616 1854 quasi
633 1777 752 1853 quidam
765 1784 864 1837 rector
881 1778 995 1836 animus
1011 1795 1086 1856 pura
1103 1780 1146 1837 in·

180 1859 350 1938 tellegentia
370 1860 529 1921 roboratus
550 1862 721 1940 adstringit,
745 1869 774 1922 et
795 1861 849 1922 has
866 1860 1087 1940 quodammodo
1103 1865 1146 1921 in-

181 1945 366 2022 aequalitatis
390 1947 503 2006 formas
529 1954 693 2024 temperata
721 1946 852 2008 bonitate
877 1947 1037 2006 constituit.
1084 1947 1146 2007 Hoc

181 2039 280 2092 autem
296 2033 354 2091 erit
373 2033 579 2110 perspicuum,
603 2032 628 2091 si
644 2030 863 2109 intellegamus,
886 2049 991 2091 omnes
1007 2031 1147 2108 inaequa-

40 2123 41 2130 ’
141 2131 166 2170 20
179 2116 268 2178 litatis
284 2117 398 2195 species
419 2114 459 2196 ab*
471 2115 655 2195 aequalitatis
672 2119 800 2176 creuisse
821 2115 1007 2194 primordiis,
1031 2123 1064 2176 ut
1084 2118 1147 2194 ipsa

182 2200 399 2282 quodammodo
428 2200 586 2277 aequalitas
612 2203 715 2260 matris
741 2208 770 2261 et
795 2199 904 2261 radicis
931 2199 1069 2260 obtinens
1089 2203 1147 2261 vim

178 2289 242 2365 ipsa
262 2305 367 2348 omnes
387 2286 606 2362 inaequalitatis
633 2287 748 2364 species
775 2285 956 2361 ordinesque
977 2285 1147 2363 prolundat.

180 2371 244 2431 Sint
260 2375 339 2432 enim
356 2371 440 2431 uobis
454 2380 517 2431 tres
538 2371 676 2450 aequales
696 2371 829 2439 termini,
852 2369 882 2429 id
904 2377 949 2430 est
970 2375 1031 2430 tres
1053 2372 1148 2431 unita·

179 2461 239 2523 tes,
262 2454 307 2515 vel
322 2463 368 2514 ter
389 2454 452 2515 bini
467 2455 513 2515 vel
528 2463 574 2516 ter
591 2457 668 2516 terni
684 2453 727 2515 vel
750 2462 794 2515 ter
810 2456 946 2532 quaterni
960 2454 1006 2516 vel
1022 2465 1148 2534 quantos

61 2579 65 2584 .
141 2537 256 2599 multra
280 2538 352 2598 libet
372 2557 494 2617 ponere.
518 2525 615 2610 leucu
644 2542 722 2601 euim
749 2542 779 2599 in
808 2542 876 2600 uuis
897 2539 992 2600 tribus
1012 2540 1148 2600 terminis

139 2795 144 2805 .
247 2759 262 2805 2
281 2759 346 2806 Post
364 2757 608 2820 supertripartiens
626 2759 700 2807 addit
717 2759 740 2807 f:
764 2759 800 2807 Et
818 2773 910 2808 rursus
929 2757 1085 2822 subduplex
1104 2773 1149 2808 su-

183 2825 407 2890 pertripartiens‚
426 2824 579 2890 subduplex
592 2825 906 2890 superquadripartiens.
977 2829 992 2876 3
1015 2826 1149 2876 Titulasin

180 2896 293 2958 aaarqiae
312 2894 449 2957 lapidaria
468 2892 494 2941 d.
565 2895 580 2943 5
600 2892 720 2943 ¹XXXII·
739 2909 785 2942 om.
804 2895 828 2956 f,
847 2893 869 2952 l,
889 2909 913 2942 r.
983 2895 998 2943 7
1016 2895 1104 2942 mixta
1123 2901 1149 2943 et

179 2959 404 3078 sagratoersumbl
421 2962 541 3079 martriimfa
560 2977 586 3078 sd
607 2964 632 3078 d9
651 2959 827 3078 diffinitptest
845 2977 871 3023 a,
890 2961 917 3078 li),
938 2977 960 3078 (ἰ,
978 2960 1038 3077 Ἥ.
1075 2961 1106 3076 ἒΙ
1119 2961 1149 3010 in

179 3046 209 3157 ἓξ
228 3045 360 3149 ξὲεῖωἲ.ἣ’
400 3044 450 3148 ’1οἐ
469 3069 504 3147 ab
523 3025 608 3158 orlrhnie,
626 3043 775 3155 ergugbffi:
790 3045 834 3151 laae
846 3045 925 3162 lamb,
942 3043 1086 3158 aliqu0e53
1100 3044 1147 3145 ogb

179 3182 274 3216 rasura
292 3167 400 3216 deletum
418 3167 500 3215 estin
523 3182 543 3216 s.
615 3166 646 3215 14
665 3165 785 3216 obtimae
805 3181 829 3224 a,
849 3164 865 3212 l.
889 3160 901 3230 ll
926 3165 1061 3228 impressa
1079 3163 1148 3228 figu-

179 3250 226 3284 rae
245 3250 266 3283 r.
295 3230 307 3300 {l
336 3234 459 3294 terroris,
484 3237 495 3282 t
517 3233 611 3292 oblito,
638 3248 661 3282 a.
768 3234 799 3281 16
824 3229 916 3296 quasi]
942 3245 1009 3295 quos
1033 3247 1102 3280 corr.
1122 3233 1148 3280 in

181 3303 259 3367 quasi
277 3318 302 3352 a.
374 3303 405 3352 17
425 3303 554 3366 astringit
574 3318 602 3364 c,
623 3302 640 3350 l.
724 3301 857 3352 reforma
876 3300 895 3349 f.
920 3295 931 3365 ll
956 3302 1147 3363 temporatar.

179 3374 211 3420 21
230 3372 359 3435 aequitas
379 3385 404 3429 a,
423 3370 449 3431 b,
464 3385 486 3431 c,
500 3369 525 3430 d,
538 3368 556 3429 l,
570 3385 592 3434 r,
613 3384 638 3430 ες
658 3369 798 3434 aequites,
819 3367 847 3417 al
864 3383 947 3432 supra
964 3367 974 3414 i
991 3369 1108 3430 scriptis,
1126 3366 1147 3415 f.

180 3441 211 3489 23
231 3438 287 3488 -ΙΙΙ-
307 3455 330 3491 r.
399 3440 432 3488 24
450 3441 527 3488 tres.
544 3470 570 3488 ..
589 3441 646 3486 ires
665 3477 670 3488 .
687 3472 715 3490 ..
735 3441 791 3486 tres
811 3453 841 3498 a,
861 3436 895 3498 b,
915 3435 940 3498 d,
960 3435 981 3497 f,
999 3433 1023 3494 l;
1042 3435 1104 3486 111.
1121 3471 1147 3485 ..

180 3506 239 3560 III.
256 3549 261 3560 .
276 3543 281 3556 .
299 3507 350 3558 III.
369 3523 391 3558 r.
444 3507 477 3556 25
490 3505 562 3553 enim
575 3519 621 3557 om.
641 3503 659 3556 l.
683 3500 694 3570 ll
717 3505 746 3553 in
759 3500 831 3568 unis]
846 3503 969 3552 minuitis
983 3517 1008 3560 e,
1022 3501 1107 3552 inutis
1124 3516 1146 3551 r.
