2446 3964
288 140 381 196 INST.
399 141 552 194 ARITHM.
571 144 614 208 II,
634 143 827 200 CAPI'PULA.
1000 147 1041 212 75

124 315 247 371 xxxin.
271 315 310 372 En
331 316 451 372 eiusdem
472 325 556 390 atque
578 317 690 374 alterius
717 323 821 376 numeri
848 329 959 385 natura,
992 324 1061 397 quix

273 408 338 456 sunt
360 401 508 474 quadratus
535 409 564 458 et
586 412 663 476 parte
691 403 776 460 altera
797 404 922 480 longior,
944 424 1039 464 omnes

272 487 482 558 proportionum
498 487 671 544 habitudines
688 496 824 546 constare.

114 568 247 624 'xxxiiii
272 569 349 637 Quod
376 587 407 626 ex
434 571 572 644 quadratis
598 579 626 628 et
651 580 728 646 parte
755 573 839 632 altera
864 574 1038 648 longioribus

272 654 360 710 omnis
377 655 526 712 formarum
546 657 618 712 ratio
635 659 776 716 consistat.
1051 675 1063 715 5

143 738 248 795 XXXV.
273 739 505 807 Quemadmodum
527 741 652 813 quadrati
674 759 705 797 ex
727 749 805 816 parte
826 743 910 799 altera
930 745 1039 818 longio-

271 823 345 880 ribus
363 825 403 880 vel
415 833 493 898 parte
509 825 594 882 altera
606 827 748 900 longiores
765 845 797 884 ex
809 828 948 902 quadratis
964 829 1038 886 fiant.

130 907 247 963 XXXVI.
271 908 350 976 Quod
369 909 558 983 principaliter
581 911 701 966 eiusdem
722 912 832 985 quidem
854 913 891 968 sit
913 913 1038 969 substan·

272 995 326 1049 tiae
347 995 457 1056 unitas,
481 995 600 1051 secundo
623 1012 686 1052 vero
713 996 775 1052 loco
792 997 901 1071 inpares
922 999 1037 1061 numeri,

272 1080 353 1134 tertio
370 1079 494 1151 quadrati
508 1086 536 1135 et
552 1079 625 1152 quod
636 1081 825 1154 principaliter
837 1082 953 1139 dualitas
969 1084 1036 1140 alte·
1050 1099 1075 1138 1o

270 1163 329 1218 rius
344 1162 381 1218 sit
395 1162 576 1225 substantiae,
593 1165 712 1222 secundo
728 1181 792 1223 vero
807 1167 869 1226 loco
890 1185 970 1241 pares
986 1186 1036 1225 nu·

271 1249 349 1318 meri,
366 1249 449 1305 tertio
465 1256 541 1322 parte
557 1247 643 1304 altera
658 1249 807 1325 longiores.

113 1331 247 1388 xxxvii.
272 1332 433 1388 Alternatim
454 1335 552 1406 positis
574 1334 709 1407 quatratis
730 1343 757 1392 et
777 1344 854 1410 parte
875 1337 960 1393 altera
976 1338 1036 1394 lon·

270 1415 395 1490 gioribus
419 1419 466 1490 qui
489 1419 524 1474 sit
545 1435 641 1474 eorum
657 1436 808 1478 consensus
830 1423 859 1476 in
874 1421 1034 1479 differentiis

269 1503 339 1556 etin
355 1503 592 1575 proportionibus.
1048 1521 1074 1561 15

10 1657 11 1662 ἵ
101 1586 243 1643 XXXVlll.
266 1585 394 1642 Probatio
411 1587 558 1659 quadratos
575 1587 696 1645 eiusdem
711 1605 771 1644 esse
787 1596 909 1644 naturae.

10 1665 11 1736 Ῐ
85 1670 245 1728 XXXVllll.
269 1671 357 1744 Cybus
379 1671 501 1726 eiusdem
521 1674 686 1746 participare
707 1674 890 1736 substantiae,
912 1674 984 1748 quod
999 1673 1034 1730 'ab

10 1747 11 1784 ³
268 1755 409 1830 inparibus
424 1766 581 1814 nascantur.

10 1785 12 1880 l
192 1840 245 1895 XL.
267 1840 301 1896 De
322 1841 636 1914 proportionalitatibus.

179 1924 245 1981 llbl.
268 1925 340 1992 Quae
356 1925 427 1998 apud
443 1927 572 1999 antiquos
587 1927 831 2001 proportionalitas
847 1927 943 1991 luerit,
965 1945 1072 2002 quaero

267 2011 437 2082 posteriores
453 2010 614 2067 addiderint.

168 2093 246 2149 Xbil.
272 2093 349 2162 Quod
370 2095 488 2168 primum
509 2096 542 2150 de
564 2113 611 2157 ea,
637 2111 706 2169 quae
727 2104 840 2152 vocatur
861 2097 1034 2152 arithmetica

268 2179 527 2252 proportionalitas,
549 2180 691 2236 dicendum
709 2183 753 2236 sit.

10 2343 11 2380 t
44 2330 154 2390 seriore
176 2341 199 2376 r.
288 2325 451 2380 IXXXIII.
476 2328 518 2376 Ex
537 2326 658 2376 eiusdem
679 2329 705 2375 in
723 2328 835 2392 margine
853 2342 874 2375 r.
904 2323 915 2392 ΙΙ
946 2330 974 2378 et
991 2343 1011 2381 r.
1025 2324 1033 2394 d

10 2391 11 2436 l
46 2395 166 2445 numeri
187 2409 234 2444 om.
255 2407 277 2445 r.
329 2392 430 2459 bonni]
453 2395 569 2456 esib‚l.
598 2391 611 2459 ΙΙ
639 2391 678 2458 et]
699 2409 732 2443 ex
751 2411 775 2454 a,
788 2410 811 2453 o,
825 2411 846 2447 r.
870 2389 882 2459 Η
906 2395 993 2446 omnis
1007 2395 1032 2444 d.

10 2461 11 2496 ἶ
46 2467 63 2512 4
84 2468 116 2512 et
136 2477 190 2512 om.
211 2475 236 2523 c,
257 2476 310 2522 aa,
330 2476 363 2510 ac
375 2477 404 2511 s.
450 2463 549 2512 bPoat
567 2461 653 2511 omnis
672 2464 745 2512 reddit
764 2461 881 2514 ¹XXXV·
901 2478 921 2512 s.
938 2460 949 2529 ΙΙ
967 2479 1032 2514 con-

10 2531 12 2610 j
47 2530 129 2580 sistit
149 2530 186 2589 b,
206 2527 230 2589 l,
251 2543 277 2590 e;
298 2533 407 2578 constat
425 2529 444 2578 f.
531 2528 698 2579 6·XXXVI‘·
718 2526 776 2597 s.[]
804 2525 904 2596 aliern]
926 2535 990 2581 ante
1009 2546 1030 2581 s.

47 2599 63 2646 8
87 2594 229 2646 XXXVI.
257 2611 303 2646 om.
333 2612 363 2660 a,
391 2603 517 2663 totumque
541 2599 605 2648 irione
628 2601 723 2648 tilulum
751 2601 921 2663 praecedenti
949 2600 1031 2650 addit.

10 2663 12 2708 l
47 2664 201 2716 XXXVII.
223 2678 246 2712 o.
318 2667 410 2714 9-12
434 2665 555 2715 secundo
575 2703 581 2716 .
600 2703 606 2718 .
627 2703 633 2716 .
655 2666 797 2732 longiores
819 2682 866 2717 om.
888 2682 910 2716 c.
941 2663 952 2732 {l
981 2668 1031 2716 im-

10 2711 11 2782 i
47 2733 127 2797 paris
149 2748 185 2796 a,
206 2730 233 2793 d,
252 2745 273 2783 r.
346 2735 378 2782 10
396 2733 478 2783 tertio
496 2748 562 2783 vero
581 2733 598 2784 l.
627 2729 639 2798 Η
669 2734 797 2798 quadrati
882 2736 965 2784 tertio
982 2751 1030 2787 om.

47 2817 71 2848 a.
98 2797 111 2864 ΙΙ
138 2797 292 2864 quadratis
310 2815 331 2848 r.
390 2801 555 2852 insecundo
573 2816 639 2852 vero
657 2802 720 2852 loco
740 2837 766 2856 ..
783 2802 964 2866 ..longiores
983 2819 1030 2853 om.

45 2869 76 2929 b,
105 2868 129 2930 l,
158 2882 183 2916 s.
213 2861 227 2931 [l
255 2867 330 2930 peris
353 2867 382 2929 d,
408 2884 429 2917 r.
459 2864 470 2933 ΙΙ
498 2870 605 2918 numeri
628 2885 674 2922 om.
698 2884 718 2918 r.
757 2871 787 2919 12
802 2869 926 2933 longiore
951 2886 985 2935 a,
1010 2885 1032 2923 r.

46 2939 78 2985 13
99 2933 237 2985 XXXVI.
258 2949 287 2996 a,
306 2937 412 3001 itemque
431 2936 503 2998 infru
520 2939 614 3002 reliqui
630 2938 727 2986 numeri
743 2939 769 2986 in
789 2952 818 2998 a,
842 2953 891 2987 rano
909 2945 967 2987 suut
984 2938 1028 2986 mi·

46 3019 144 3059 nores;
171 3001 321 3053 XXXVIII
340 3019 367 3066 s,
390 3006 497 3068 itemque
519 3005 612 3070 reliqui
629 3006 726 3054 nurneri
747 3021 796 3054 uno
815 3007 932 3058 maiores.
956 3001 969 3072 li
993 3009 1030 3068 et⁴

45 3087 81 3120 ex
104 3087 130 3119 c.
215 3070 247 3119 14
272 3084 342 3133 quae
367 3078 392 3120 et
414 3087 495 3135 supra
519 3087 551 3122 ue
575 3087 626 3123 sec.
651 3089 724 3121 manu
748 3074 758 3120 i
781 3088 802 3121 r.
829 3068 843 3137 ΙΙ
872 3089 965 3122 eorum
985 3074 1032 3137 qui

45 3140 124 3187 sito.
187 3138 221 3186 15
238 3136 268 3185 in
286 3153 378 3201 ome,
396 3139 423 3201 b,
443 3139 461 3202 l,
481 3154 505 3189 s.
559 3141 590 3188 lo
609 3139 732 3188 eiusdem
750 3144 866 3190 natiuae
886 3155 946 3191 esse
964 3141 991 3202 b,
1010 3138 1030 3191 l.

47 3209 78 3256 17
100 3205 201 3254 Cuboe
223 3204 241 3260 f,
261 3219 282 3254 s.
305 3201 317 3271 ΙΙ
341 3207 464 3257 eiusdem
482 3209 653 3272 participare
674 3207 797 3257 eiusdem
817 3223 848 3270 a,
872 3223 896 3257 c.
925 3203 937 3274 Η
966 3207 1032 3258 sub-

46 3275 160 3323 stantia
181 3271 208 3322 d.
238 3267 250 3337 Η
279 3273 313 3322 ab
339 3291 384 3325 ona.
407 3275 439 3338 b,
463 3275 481 3324 l.
565 3277 596 3326 18
615 3275 729 3340 impuris
748 3291 769 3324 r.
799 3271 811 3340 ll
841 3279 991 3324 nascuntur
1010 3275 1030 3324 f.

48 3343 78 3391 19
98 3339 362 3406 proportionalibus
380 3342 405 3395 d.
441 3345 477 3400 20¹
494 3346 561 3406 aput
576 3357 597 3392 s.
622 3338 633 3408 [i
658 3343 828 3407 antiquiores
841 3343 867 3406 b,
882 3342 900 3392 l.
937 3345 969 3391 22
981 3357 1032 3392 vo·

47 3411 155 3458 eantur
176 3423 200 3459 c.
273 3409 305 3458 23
324 3409 471 3460 dicendum
490 3415 532 3460 est
551 3426 576 3474 a,
597 3426 620 3474 c,
640 3409 666 3474 d,
687 3411 707 3471 f,
728 3426 748 3472 r,
770 3409 967 3474 speculandum
987 3413 1031 3457 est

48 3491 74 3540 s,
96 3474 309 3542 speculandum
327 3478 364 3526 sit
381 3480 414 3542 b,
432 3478 450 3526 l.
