2444 3980
188 96 229 160 98
448 95 539 146 rusr.
558 95 711 146 nuruum,
729 97 769 159 11,
790 97 831 149 14.
852 97 891 145 ra.

426 323 469 378 De
484 326 670 396 generatione
683 329 921 395 pentagonorum.

251 470 338 530 Xllll.
372 469 537 531 Nascuntur
559 479 655 530 autem
672 469 701 528 lu
718 471 850 538 numeri,
874 471 924 548 qui
940 471 1053 530 extensi
1069 472 1099 530 iu
1116 471 1166 530 la·
1205 517 1206 548 ;

188 556 341 616 titudinem
367 557 408 615 ·V·
430 555 554 632 angulos
575 556 721 632 pandunt,
755 554 792 614 ab
814 553 916 614 eadem
938 554 1082 616 naturalis
1102 574 1164 615 nu·
1205 569 1206 636 ζ

189 642 262 701 meri
283 643 444 719 quantitate
465 642 493 700 in
516 659 547 700 se
569 647 754 707 coacervata,
781 641 820 699 ila
848 647 880 699 ut
901 639 1017 700 duobus
1037 657 1164 719 semper
1205 643 1206 708 ξ

162 743 174 781 ⁵
189 727 349 788 interiectis
373 726 503 786 numeris
519 726 666 804 superiori
682 724 725 786 vel
741 724 945 803 superioribus
960 727 1082 785 vincens
1098 736 1164 786 ler-

187 813 270 871 uario
287 830 370 880 eum,
388 812 434 871 cui
449 811 615 888 iungendus
631 819 689 879 est,
707 809 895 886 adgregetur.
940 809 1075 888 Namque
1092 813 1163 870 uni·

187 898 238 956 tati
254 897 429 957 intermissis
446 894 561 955 duobus
578 893 717 955 utribus
733 896 757 954 si
775 893 847 955 -llll·
865 897 977 974 iungas,
995 896 1045 974 qui
1060 895 1164 955 trihus

186 982 279 1060 ipsam
302 989 442 1062 superant
466 981 621 1049 unitatem,
644 979 794 1058 quinarius
814 988 999 1058 pentagonus
1014 998 1161 1059 procrea·
1205 1007 1206 1018 ¹

187 1065 275 1126 bitur.
320 1067 390 1125 Post
413 1064 484 1126 ·llll·
507 1083 577 1124 vcro
599 1067 623 1124 si
644 1065 812 1124 intermisso
835 1066 971 1142 quinario
993 1075 1021 1124 et
1036 1068 1165 1126 senario

148 1169 173 1206 ro
188 1158 300 1230 septem
327 1150 485 1228 adgregas,
513 1149 726 1210 duodenarium
750 1156 950 1228 pentagonum
971 1149 1161 1228 procreabis
1205 1149 1206 1230 l

187 1235 319 1314 Namque
347 1254 423 1296 unus
451 1244 480 1295 et
503 1233 573 1294 ·llll·
599 1242 627 1295 et
652 1234 721 1294 ·Vll·
745 1236 861 1294 numeri
886 1233 957 1294 ·Xll·
982 1232 1163 1313 explebunt.

187 1321 249 1380 Hoc
272 1321 358 1380 etiam
380 1322 410 1380 in
434 1319 496 1380 aliis
518 1320 576 1380 fiet.
621 1317 694 1380 Nam
718 1321 740 1380 si
766 1318 809 1379 ·X·
833 1318 878 1378 ‘rel
900 1318 984 1379 ·Xlll·
1007 1319 1053 1379 vel
1071 1319 1163 1380 XVI·

187 1404 232 1466 vel
249 1404 371 1467 ·XVllll·
389 1404 433 1465 vel
451 1403 548 1464 ·XXll·
566 1403 612 1465 vel
628 1403 722 1466 XXV·
742 1403 946 1482 superioribus
968 1405 1083 1464 cunetis
1105 1405 1162 1464 ad·

187 1491 335 1559 iunxeris,
359 1490 461 1550 eudem
485 1508 543 1569 quo
566 1491 703 1569 superius
723 1489 810 1548 modo
826 1490 986 1569 pentagoni
1000 1488 1087 1560 fient,
1109 1509 1164 1550 se·

149 1593 173 1631 15
188 1575 316 1636 cundum
348 1577 532 1655 superiorem
564 1574 807 1654 descriptionem:
845 1572 933 1634 XXll·
964 1573 1076 1634 XXXV.
1108 1575 1163 1634 Ll.
1205 1571 1206 1588 ³

186 1659 271 1720 LXX.
302 1659 386 1722 XCll.
419 1659 526 1722 CXVll.
1205 1681 1206 1684 ¹

359 1867 402 1922 lie
418 1870 559 1940 estepanis
578 1879 733 1939 eorttmqtte
747 1867 988 1938 generationibus

251 2014 309 2076 XV.
342 2015 471 2093 Exag'oui
488 2023 600 2089 autem,
621 2016 671 2092 qui
687 2032 738 2076 sex
754 2013 878 2092 angulis,
896 2021 925 2074 et
941 2015 1088 2092 eptagoni‚
1106 2019 1164 2095 qui
1205 2017 1206 2084 ἶ

189 2101 257 2162 ·Vll·
282 2119 386 2162 rursus
406 2099 549 2160 lateribus
572 2102 774 2168 continentur,
806 2099 966 2159 secundum
988 2099 1068 2159 hune
1091 2118 1162 2160 mo·

148 2204 175 2242 (ο
189 2188 259 2247 dum
282 2205 384 2248 eorum
407 2187 533 2247 laterum
557 2193 713 2261 augmenta
729 2192 929 2244 succrescunt.
973 2183 1110 2260 Namque
1126 2189 1162 2245 in
1205 2199 1206 2256 j

186 2273 325 2352 trianguli
352 2274 467 2332 numeri
494 2283 598 2332 natura
628 2271 892 2348 procreationeque
913 2270 992 2346 ipsos
1013 2286 1165 2331 numeros
1205 2271 1206 2274 ’

186 2359 381 2433 iungebamus
405 2359 455 2436 qui
477 2375 542 2418 sese
558 2359 587 2415 in
604 2354 730 2416 naturali
752 2355 943 2431 dispositione
957 2365 1164 2430 sequerentur

187 2448 216 2500 ct
236 2459 268 2498 se
290 2448 403 2500 tantum
428 2443 538 2502 unitate
560 2443 730 2502 transirent.
777 2438 918 2508 Quadrati
941 2457 1010 2498 veru
1027 2443 1162 2512 numeri,
1205 2509 1206 2514 η

187 2525 214 2584 id
243 2533 286 2583 est
313 2527 474 2602 tetragoni,
504 2527 670 2604 procreatio
685 2525 774 2585 fiebat
790 2544 825 2583 ex
847 2525 991 2594 numeru,
1006 2536 1009 2542 ’
1023 2526 1073 2601 qui
1096 2544 1164 2585 uno
1205 2585 1206 2588 ,

148 2625 173 2663 aa
187 2610 356 2670 intermisso
373 2607 597 2688 copulabantur,
616 2629 681 2670 cum
698 2628 730 2670 se
742 2608 856 2669 binario
869 2619 1055 2685 superarent.
1079 2609 1164 2670 Pen-

187 2695 286 2772 tagoni
307 2711 376 2752 veru
404 2701 506 2753 natura
535 2693 590 2753 luit
620 2713 654 2754 ex
682 2694 796 2754 duobus
822 2695 1003 2772 interpositis
1028 2693 1163 2756 relictis-

256 2917 267 2963 l
288 2913 509 2978 Inscriptomd.
563 2915 673 2964 axin.
688 2915 706 2964 l.
731 2911 742 2979 ll
766 2916 871 2964 numeri
890 2930 970 2978 supra
988 2929 1086 2963 verrom
1101 2929 1128 2962 a.
1147 2913 1162 2979 ll

185 2985 214 3031 in
237 2981 427 3048 latitudinem]
452 2985 478 3031 io
500 2985 612 3048 rnorpine
634 2983 680 3033 vel
702 2982 902 3046 longitudinem
927 2998 956 3042 (ις
984 2985 1010 3032 in
1032 2989 1164 3032 contexte

187 3051 254 3112 c‚f.
307 3051 631 3114 deesea‚c,f⁴r,s
685 3051 777 3100 rull·
797 3067 820 3102 e.
851 3047 862 3114 ll
893 3055 1011 3114 quatuor
1028 3050 1054 3110 d,
1075 3057 1163 3114 quat-

185 3124 247 3167 tuor
266 3119 285 3170 f.
305 3123 411 3184 itemque
430 3119 508 3181 infre.
539 3117 549 3184 l}
583 3119 733 3183 subiungas
753 3119 777 3167 d.
856 3119 1016 3169 10·V11·e.
1047 3114 1058 3184 ll
1094 3134 1163 3182 pro-

187 3184 305 3252 creabis]
323 3186 490 3252 adgregebis
505 3186 529 3235 (1.
578 3190 607 3236 il
622 3194 781 3250 septem...
796 3186 940 3236 duodecim
955 3185 981 3248 d,
996 3185 1016 3234 f.
1065 3188 1097 3236 13
1111 3186 1162 3236 vel

187 3253 376 3304 XXII-diss.
447 3258 478 3305 15
498 3253 608 3320 ›XXIl·]
635 3255 726 3303 XXX·
746 3255 764 3308 l,
800 3252 811 3321 ll
845 3251 977 3320 ·XXXV·]
1003 3254 1110 3303 ¹XXXI·
1132 3270 1161 3303 c.

188 3323 218 3370 17
231 3322 355 3384 Inscript.
369 3339 413 3373 om.
428 3323 453 3372 d.
477 3319 489 3388 l]
512 3321 747 3388 generationibus]
762 3323 932 3373 lateribusi.
987 3323 1018 3371 18
1031 3322 1124 3374 XIIII.
1139 3321 1161 3370 Ι,

188 3390 218 3438 19
237 3394 343 3452 septem
361 3390 390 3446 (1,
411 3390 430 3439 f.
499 3394 532 3440 20
550 3393 632 3454 Nam,
653 3397 743 3442 onciaco
763 3405 814 3454 que
835 3407 865 3454 a,
884 3393 910 3440 b.
982 3390 1162 3439 innaturali

186 3456 292 3506 numeri
311 3455 489 3518 dispositione
508 3459 528 3504 f.
566 3465 572 3474 ’
