2398 3968
177 173 219 238 22
359 259 362 264 Ι
473 175 845 242 rossemannum.
910 177 944 261 {gi

175 347 264 408 uitur.
285 345 445 407 Docebitur
460 363 598 424 namque,
615 365 702 426 quam
718 346 869 427 longebic
885 347 1017 411 dissimili
1032 351 1144 410 ratione

176 431 332 494 dividatur.
364 431 437 492 Nam
454 433 592 512 quoniam
609 450 663 512 par
679 441 737 503 est,
754 433 785 493 iu
802 441 901 513 partes
917 433 1053 514 aequales
1069 435 1145 495 reci-

174 518 217 598 pit
232 518 408 586 sectionem,
424 524 525 596 partes
542 534 610 577 vero
627 519 690 579 eius
706 535 774 577 mox
790 517 981 580 indivisibiles
997 525 1085 597 atque
1100 521 1143 578 in·

174 600 318 663 secabiles
347 601 578 682 permanebunt,
608 609 641 663 ut
662 610 732 663 sunt
762 602 830 663 ·Vl·
862 603 898 664 X·
926 603 1017 665 xiiii·
1044 603 1143 664 XVlll·

146 686 263 748 tllllll·
281 694 310 748 et
325 687 371 748 bis
387 686 509 748 similes.
536 687 604 748 Mox
620 688 698 748 enirn
715 687 769 748 bos
785 705 926 749 numeros
940 689 966 750 si
981 691 1012 750 in
1028 691 1143 768 gemina

173 772 266 834 lucris
281 772 423 835 divisione
435 773 570 853 partitus,
586 773 716 833 incurris
731 773 762 833 in
776 774 920 852 inparem,
937 791 1026 854 quern
1043 791 1144 836 secare

173 875 233 918 non
248 859 354 938 possis.
385 857 498 918 Accidit
519 864 616 918 autem
633 857 678 919 his
699 856 778 936 quod
795 876 898 919 omnes
913 866 1012 938 partes
1028 867 1145 921 contra·

173 943 216 1003 rie
239 943 444 1005 denominatas
464 941 590 1010 habent,
613 960 703 1022 quam
724 950 794 1004 sunt
815 945 993 1020 quantitates
1013 946 1144 1024 ipsarum

173 1030 317 1108 partium,
345 1046 422 1106 quae
443 1027 680 1088 denominantur.
717 1027 820 1108 Neque
842 1047 971 1108 unquam
993 1029 1058 1090 fleri
1079 1037 1145 1111 pot-

131 1127 160 1167 10
174 1120 233 1184 est,
250 1121 283 1174 ut
298 1111 446 1192 quaelibet
460 1130 530 1192 pars
541 1112 629 1173 buius
643 1113 759 1173 numeri
776 1113 908 1174 eiusdem
921 1115 1039 1192 generis
1055 1114 1144 1175 deno·

173 1199 364 1258 minationem
391 1199 641 1277 quantitatemque
667 1198 814 1277 suscipiat.
862 1198 986 1278 Semper
1012 1202 1093 1260 enirn
1122 1201 1144 1259 si

173 1282 373 1344 denominatio
395 1283 485 1343 luerit
510 1300 580 1361 par,
610 1283 759 1361 quantitas
785 1285 878 1362 partis
909 1285 965 1344 erit
987 1285 1089 1363 inpar,
1122 1285 1146 1344 si

171 1365 373 1428 denominatio
393 1368 497 1446 inpar,
520 1369 668 1444 quantitas
690 1386 759 1447 par:
781 1377 814 1428 ut
834 1369 865 1429 in
888 1368 996 1429 ·llVlll·
1014 1369 1145 1431 secunda

173 1453 238 1514 eius
268 1469 351 1531 pars,
381 1451 411 1512 id
442 1459 487 1512 est
516 1451 628 1522 media,
659 1453 737 1532 quod
774 1454 907 1532 paritatis
944 1471 1053 1514 nornen
1086 1462 1144 1521 est,

135 1551 161 1592 u>
176 1537 286 1607 ·Vllll·,
311 1555 388 1616 quae
408 1538 495 1617 inpar
515 1544 560 1598 est
583 1539 744 1615 quantitas3
773 1540 861 1598 tertia
885 1555 970 1606 vero,
1000 1557 1077 1618 quae
1100 1541 1145 1597 iu·

173 1641 227 1702 par
249 1630 293 1684 est
316 1623 532 1692 denominatio,
567 1621 639 1692 ·Vl·,
663 1624 711 1684 oui
731 1640 786 1702 par
807 1621 960 1702 pluralitas
976 1632 1029 1684 est.
1068 1621 1146 1682 liur-
1191 1627 1192 1668 ff

173 1726 224 1769 sus
250 1711 275 1767 si
301 1714 470 1777 convertas,
493 1715 574 1768 sexta
604 1725 688 1786 pars,
722 1725 796 1786 quae
825 1726 879 1786 par
901 1716 944 1768 est
972 1707 1144 1768 denomina-
1191 1705 1192 1716 ³

173 1794 228 1864 tio,
247 1792 305 1853 ·lll·
322 1801 406 1861 suut,
423 1791 474 1853 sed
491 1794 639 1853 ternarius
655 1794 740 1872 inpar
756 1801 815 1860 est;
833 1800 862 1852 et.
877 1810 954 1852 nona
970 1811 1048 1872 pars,
1065 1791 1146 1872 qnod

173 1879 260 1957 inpar
288 1884 332 1938 est
353 1875 544 1948 vocabulum,
576 1876 637 1946 ·ll·,
663 1879 714 1957 qui
734 1895 945 1956 pernumerus
970 1885 1029 1945 est;
1056 1887 1146 1956 atque

130 1977 161 2018 ao
177 1962 254 2023 idem
269 1963 299 2022 iu
316 1961 380 2023 aliis
395 1963 526 2032 cunetis,
549 1963 599 2040 qui
620 1969 689 2022 suut
704 1963 815 2040 pariter
831 1963 963 2041 inpares,
986 1962 1144 2023 invenitur.

172 2047 274 2127 Neque
289 2065 420 2126 unquam
435 2047 501 2106 fieri
520 2054 631 2127 potest,
655 2054 700 2116 ut,
724 2045 878 2107 cuiuslibet
897 2047 990 2127 partis
1012 2047 1144 2107 eiusdem

168 2134 210 2195 sit
225 2134 344 2212 generis
360 2149 470 2193 nomen
487 2140 516 2193 et
533 2150 687 2193 numerus.

256 2219 303 2282 Fit
326 2226 424 2280 autem
441 2218 549 2278 borum
566 2218 736 2296 procreatio
757 2231 967 2285 numerorum,
991 2217 1014 2275 si
1031 2214 1067 2276 ab
1083 2234 1145 2276 uno
1190 2251 1191 2286 3

172 2306 383 2384 disponantur,
411 2305 580 2383 quicunque
608 2301 724 2363 duobus
751 2301 905 2371 differunt,
932 2300 961 2361 id
983 2308 1028 2361 est
1048 2303 1145 2360 omui·
1190 2315 1191 2388 q

131 2403 160 2444 aa
175 2389 229 2450 bus
245 2389 400 2467 inparibus
423 2387 551 2449 naturali
569 2388 720 2468 sequentia
738 2395 825 2466 atque
848 2386 952 2446 ordine
969 2385 1143 2446 constitutis.
1190 2389 1191 2451 i

173 2472 307 2552 Namque
338 2473 369 2532 hi
401 2473 426 2532 si
454 2490 508 2550 per
540 2471 687 2533 binarium
715 2489 871 2532 numerum
903 2467 1144 2550 multiplicentur,

174 2575 276 2618 omues
303 2559 415 2635 pariter
443 2557 561 2636 inpares
588 2559 644 2616 rite
671 2555 824 2634 pluralitas
846 2554 985 2616 demensa
1009 2554 1143 2616 sulliciet.

157 2635 306 2703 (Ponatur
322 2642 399 2702 enirn
415 2642 509 2718 prima
526 2642 621 2701 unitas
644 2639 676 2700 ·l·
701 2648 818 2720 etpost
841 2640 935 2708 huuc,
960 2641 1009 2719 qui
1029 2637 1064 2698 ab
1087 2638 1146 2700 hoc

175 2725 290 2788 duobus
307 2725 412 2794 dillert,
429 2724 457 2784 id
474 2733 518 2786 est
535 2724 593 2786 ·lll·
608 2732 636 2786 et
651 2734 718 2804 post
733 2724 821 2793 bunc,
839 2728 889 2804 qui
905 2742 1009 2786 rursus
1025 2740 1040 2784 a
1057 2741 1146 2800 supe·

242 2860 437 2926 2aequasb,
456 2859 485 2920 d,
506 2859 722 2925 lybsectiones
740 2861 767 2927 b,
782 2861 807 2924 d,
827 2861 846 2911 f.
898 2864 963 2910 4ut
981 2863 1102 2912 sautem.
1115 2861 1146 2914 b.

174 2929 182 2994 l
200 2938 259 2981 unte
278 2931 332 2980 ·VI·
351 2931 425 2980 addit
444 2928 487 2979 ·11·
507 2929 526 2981 f.
607 2931 623 2979 6
641 2930 764 2980 incurres
784 2945 806 2980 s.
830 2925 843 2996 {l
865 2930 895 2978 in
912 2930 1037 2994 inparem
1055 2943 1099 2978 om.
1120 2944 1146 2981 e.

175 3003 189 3051 'l
209 2995 365 3049 contrariae
386 3014 414 3061 c,
428 2996 457 3060 d,
476 2997 496 3047 f.
534 2997 563 3047 11
584 3002 613 3048 et
631 2998 654 3047 ei
673 2998 759 3047 fuerit
778 2996 968 3047 denominatio
987 2995 1003 3045 d
1033 2995 1056 3057 l;
1076 2999 1148 3047 etsi

176 3067 364 3117 denominatio
377 3066 462 3117 fuerit
475 3065 500 3127 f3
514 3065 538 3115 si
551 3066 737 3116 denominatio
750 3065 836 3114 fuerit
855 3080 876 3114 s.
909 3067 940 3115 12
952 3079 1004 3130 par
1029 3062 1081 3113 erit
1093 3079 1147 3128 par

176 3135 210 3200 d,'
220 3136 244 3201 l,
259 3134 277 3184 i.
338 3136 370 3184 14
389 3134 449 3185 eius
467 3148 532 3200 pars
552 3137 595 3184 est
614 3133 643 3197 d,
658 3133 681 3195 13
700 3134 843 3200 perseius
862 3136 915 3184 est.
934 3131 954 3184 1.
968 3128 983 3200 fl
999 3130 1110 3182 dimidia
1124 3135 1146 3184 f.

176 3206 208 3254 15
227 3201 392 3268 quantitatis
411 3200 432 3252 f.
522 3202 553 3250 16
572 3201 669 3265 51ιᾶ,
689 3199 708 3251 f.
732 3197 744 3267 ΙΙ
770 3208 839 3265 post,
864 3201 918 3250 ·VI·
942 3201 1017 3250 addit
1040 3203 1101 3250 aunt
1119 3200 1145 3265 l;

176 3287 257 3337 sopra
274 3286 372 3322 aereum
390 3286 416 3330 a,
437 3269 467 3333 d,
487 3285 508 3324 a.
540 3265 720 3336 lantonae.
791 3271 822 3321 18
841 3271 897 3318 tres
917 3283 941 3331 a,
957 3268 986 3325 b,
1000 3266 1061 3333 d,i,
1078 3283 1099 3329 r,
1118 3284 1144 3323 s.

179 3341 211 3390 19
226 3347 295 3405 poet.
309 3339 353 3390 ·II·
367 3339 440 3390 addit
452 3343 516 3390 sunt
544 3337 792 3403 3aupraveraamd‚
812 3351 833 3387 n.
863 3339 1027 3402 20paresc.
1063 3336 1093 3384 21
1106 3339 1147 3390 sit

176 3406 300 3459 eiusdem
319 3423 348 3470 a,
369 3423 397 3472 c,
411 3421 436 3465 st
451 3407 500 3467 sit,
519 3405 641 3458 eiusdem
653 3407 690 3456 sit
705 3406 731 3458 b.
802 3407 835 3456 27
855 3404 971 3468 efficiet,
991 3414 1146 3468 eeapuncto

175 3484 203 3527 et
214 3491 247 3527 su
258 3477 435 3542 superposito,
455 3475 559 3526 efficiet
571 3491 597 3539 ες
611 3475 621 3525 l
633 3477 659 3526 in
670 3490 772 3529 rasura.
848 3475 881 3524 29
895 3472 987 3524 differt
1000 3471 1102 3523 duobus
1120 3475 1144 3526 f.

176 3551 233 3598 tres
247 3561 272 3611 a,
284 3544 374 3612 b,d,f,
385 3543 433 3612 l,r‚
443 3558 465 3595 s.
