2426 4002
215 240 252 286 VI
594 235 804 283 PRAEFATIO.

216 403 325 458 tamen
347 393 476 473 statim,
500 392 528 455 si
544 389 610 475 legi
624 399 751 478 posset,
776 390 943 454 dirimeret
958 390 1064 456 codex
1078 392 1179 486 yero-

215 496 325 559 nensis
341 493 570 580 palimpsestus
585 493 642 574 38,
658 493 693 555 in
708 515 771 580 quo
786 513 900 556 verum
915 491 1067 558 Boetium
1082 493 1181 558 latere

215 606 309 684 putat
324 596 484 680 Blumess).
516 594 761 660 Humanissime
783 604 814 659 et
836 593 1066 660 liberalissime
1081 596 1180 660 Bon-

215 700 440 787 oompagni,
478 697 616 763 illustris
651 695 707 760 ille
741 720 850 762 rerum
882 698 1180 762 mathematicarum

215 803 322 867 fautor
337 801 461 884 effecit,
486 810 521 865 ut
544 799 650 864 codex
671 797 726 862 ille
741 798 993 885 diligentissime
1007 802 1180 887 inspicere·

214 915 283 988 tur,
307 904 366 968 sed
381 903 462 967 adeo
478 901 623 966 difficilis
639 900 727 966 lectu
742 903 898 967 inventus
915 912 980 986 est,
1004 913 1040 968 ut
1055 911 1193 990 praeter}

214 1006 391 1071 admodum
413 1027 518 1092 pauca
539 1004 641 1069 verba
663 1002 746 1068 nihil
761 1005 935 1070 transcribi
951 1027 992 1069 ex
1009 1027 1045 1070 eo
1062 1016 1181 1093 posset.

213 1110 328 1174 Donec
343 1108 445 1193 igitur
458 1118 515 1173 aut
531 1109 672 1173 acriores
689 1106 783 1189 oculi,
800 1107 886 1196 quod
902 1109 960 1173 vix
976 1107 1193 1202 crediderim&

213 1219 270 1274 aut
284 1211 474 1276 instructior
489 1233 541 1275 ars
549 1262 558 1294 ,
582 1211 669 1298 quod
688 1209 761 1273 fieri
776 1232 873 1295 posse
888 1232 982 1276 nemo
999 1212 1182 1296 negaverit,

214 1315 249 1376 in
264 1334 466 1378 communem
481 1335 574 1376 usum
590 1310 799 1396 protulerint,
816 1333 899 1398 quae
915 1311 1031 1375 Blume
1046 1315 1183 1378 investi-

214 1415 322 1498 gavit
293 1413 434 1478 tnihil
461 1413 551 1478 aliud
579 1421 696 1494 restat,
725 1414 790 1476 nisi
818 1422 855 1477 ut
883 1435 935 1497 ea,
971 1436 1053 1500 quae
1080 1415 1147 1480 fert
1149 1411 1193 1508 url

214 1518 322 1582 Boet'tu
337 1517 532 1602 geometria,
556 1515 687 1596 edatur,
708 1537 804 1601 quam
823 1525 952 1580 artem
967 1515 1193 1601 geometri
1192 1561 1193 1624 ,

216 1642 298 1684 cam
314 1628 478 1684 auctorem
493 1619 678 1684 nominasse
693 1626 854 1682 testantur
868 1616 948 1701 loci,
966 1641 1045 1704 quos
1058 1622 1093 1683 in
1112 1643 1193 1714 pag
1192 1617 1193 1672 l

214 1722 279 1784 434
300 1722 360 1786 sub
384 1741 465 1786 voce
487 1741 540 1783 urs
561 1728 610 1784 att
582 1718 668 1784 ttuli.
714 1719 807 1800 Quae
831 1741 904 1783 oum
926 1743 985 1806 per
1006 1743 1041 1784 se
1063 1715 1193 1792 nullius*

215 1825 283 1886 fere
305 1832 377 1908 pret
378 1824 403 1886 ii
426 1823 485 1906 sit,
509 1823 646 1886 maximi
659 1831 803 1886 moment
805 1823 816 1884 i
790 1822 879 1886 tad
893 1845 945 1887 res
961 1834 1024 1887 arrt
1001 1823 1100 1887 thme
1103 1797 1193 1900 tioasl

214 1924 301 1988 facta
268 1934 378 1989 test
405 1926 642 2012 ant1qu1ss1m1s
648 1974 658 2007 ,
693 1946 775 2011 quae
809 1935 964 2012 quantum
998 1927 1121 1990 scimus
1153 1929 1193 2008 int

214 2028 335 2092 nostris
364 2027 482 2092 litteris
506 2036 656 2109 exstant,
685 2028 836 2112 vestigiis
865 2050 974 2093 eorum
1002 2029 1193 2118 signorum}

215 2128 333 2214 quibus
356 2153 443 2194 nunc
464 2151 614 2194 numeros
638 2076 864 2195 describimus
909 2129 1024 2215 Itaque
1053 2125 1193 2196 omneml

213 2232 360 2319 impendi
382 2254 532 2320 operam,
556 2241 593 2297 ut
580 2231 734 2297 ttCarnu
721 2234 806 2297 tensi
827 2253 954 2319 quoque
977 2229 1122 2296 codice
1113 2256 1187 2320 ipse

213 2334 427 2417 utipossem,
451 2355 556 2421 neque
578 2343 688 2398 tamen
710 2333 780 2398 fieri
802 2335 926 2420 potuit,
957 2354 1030 2398 oum
1051 2333 1186 2420 legibus

213 2455 278 2496 non
300 2433 428 2516 liceret,
457 2433 602 2498 codicem
630 2435 723 2500 illum
746 2459 787 2500 ex
809 2435 1039 2554 Francogallia
1060 2437 1104 2500 ad
1134 2460 1186 2503 me

213 2534 311 2598 mitti

283 2635 336 2700 De
351 2635 444 2700 libris
460 2659 559 2704 manu
569 2641 670 2726 script
672 2642 710 2720 is,
720 2639 838 2725 quibus
849 2661 926 2703 usus
940 2661 1022 2723 sum,
1031 2650 1189 2708 notarum

214 2736 449 2825 explicationes
462 2738 599 2824 singulis
614 2741 766 2828 operibus
778 2741 903 2806 addidi.
918 2739 1025 2821 Quam
1039 2747 1189 2809 maxime

213 2838 339 2923 studui,
362 2851 485 2905 utnon
508 2841 611 2907 solum
634 2845 704 2906 veri
726 2843 835 2908 Boetii
857 2845 980 2929 scripta
1002 2845 1061 2908 sed
1084 2849 1193 2911 etiam*

212 2963 323 3005 veram
346 2943 511 3008 scribendi
533 2944 670 3009 formam
694 2947 832 3008 ederem.
875 2945 1057 3010 Omittendi
1079 2949 1191 3033 igitur

214 3054 305 3109 erant
321 3045 463 3132 capitum
477 3045 580 3130 tituli,
603 3070 682 3133 quos
698 3047 848 3111 Boetium
864 3049 1033 3134 scripsisse
1048 3051 1191 3117 minime

162 3201 164 3204 ,
214 3155 263 3210 cst
296 3148 484 3214 verisimile.
542 3149 652 3229 Quum
685 3160 794 3214 tamen
833 3149 1013 3215 faciliorem
1046 3174 1191 3239 operum

214 3260 421 3337 conspectum
449 3251 644 3338 praebeant,
679 3252 859 3318 minoribus
887 3251 1006 3317 litteris
1036 3255 1191 3322 edendos

297 3491 317 3554 ⁶)
336 3491 557 3559 Erlttuterungen
570 3510 604 3544 zu
623 3493 676 3545 den
690 3495 831 3546 Schriften
850 3497 898 3547 der
914 3499 981 3550 ιὸιιι.
996 3495 1191 3558 Feldmesser.

213 3575 240 3627 S.
260 3578 305 3640 65,
325 3578 402 3628 Anm.
423 3580 479 3628 114.
1192 3601 1193 3650 ι
