2426 4002
353 185 448 241 unse.
463 187 616 241 inmun.
634 190 662 254 1,
681 190 723 242 ur.
981 187 1022 252 53

11 391 13 412 .
54 375 128 426 mus,
155 355 330 435 planissime
356 356 545 435 breviterque
572 357 743 418 doceamus.
792 357 836 418 Sit
857 359 937 420 enim
956 357 1023 419 talis

54 441 227 519 descriptio,
242 443 274 502 in
290 459 349 521 qua
363 449 492 521 ponatur
506 442 536 501 iu
551 440 688 502 ordinem
703 460 799 521 usquo
815 441 851 502 ad
868 443 1021 504 denarium

54 544 209 587 nonnarum
223 527 358 588 continui
375 528 493 588 numeri
507 525 581 588 erdo
597 526 740 589 naturalis
752 534 781 588 et
792 528 924 590 secundo
934 546 1022 590 versu

11 647 14 732 p
55 611 155 690 duplus
178 611 254 672 ordo
276 619 410 682 texatur,
430 613 518 673 tertio
533 611 654 690 triplus,
676 619 781 692 quarto
797 612 979 692 quadruplus
995 621 1024 674 et

11 757 14 772 ‚
53 696 104 757 hoc
125 695 275 776 usquead
293 695 463 775 decuplum.
507 696 556 757 Sic
571 698 650 758 euim
666 714 894 776 cognoscemus,
919 713 1049 777 quem-s

11 787 12 822 l
55 781 208 842 admodum
239 781 505 860 superparticulari
538 790 566 842 et
592 783 822 862 superpartienti
849 789 879 843 et
911 784 1025 843 cunctis

55 865 111 926 aliis
139 867 283 946 princeps
315 869 371 928 erit
396 869 510 946 species
537 865 710 945 multiplicis
736 876 765 928 et
794 867 939 946 quaedam
969 867 1024 927 alia

54 951 136 1013 simul
164 952 360 1031 inspiciemus
390 961 419 1014 et
447 952 485 1013 ad
513 951 705 1014 subtilitatem
730 952 903 1014 tenuissima
932 961 961 1012 et
987 952 1023 1011 ad

55 1038 201 1098 scientiam
224 1035 379 1098 utilissima
403 1037 482 1098 etad
500 1038 741 1099 exercitationem
755 1036 980 1098 iucundissima.

11 1147 12 1188 l
474 1169 605 1222 Longitudo.
1075 1171 1100 1209 10

11 1234 31 1324 pl.
84 1237 109 1277 lI.
181 1235 217 1278 IlI.
291 1236 337 1284 tul.
405 1237 439 1277 ¹V.
521 1237 558 1276 VI.
643 1235 689 1279 VII.
767 1236 824 1280 VIII.
874 1235 940 1278 VIIII.
986 1235 1013 1276 X.

11 1301 38 1342 II.
85 1303 129 1346 IIII.
181 1303 219 1344 VI.
291 1303 348 1347 VIII.
411 1303 439 1346 X.
521 1303 569 1345 XII.
640 1303 707 1347 XIIII.
764 1305 825 1350 XVI.
870 1304 950 1347 XVIII.
984 1303 1035 1346 XX.

11 1363 45 1424 [dl.
86 1373 120 1414 VI.
181 1371 246 1413 VIIII.
290 1371 339 1414 XII.
410 1371 461 1412 XV.
520 1370 598 1412 XVIII.
638 1371 697 1413 XXI.
763 1373 844 1416 XXIV.
869 1371 959 1414 XXVII.
982 1370 1055 1414 XXX.

20 1437 51 1479 llll.
89 1441 141 1482 VIII.
181 1439 230 1480 XII.
292 1438 378 1500 XVI...m
412 1439 462 1482 XX.
520 1439 610 1479 XXIIII.
639 1439 741 1483 XXVIII.
763 1440 855 1484 XXXII.
868 1439 972 1480 XXXVI.
982 1439 1028 1480 XL.
1080 1460 1095 1499 Ο·

22 1505 38 1544 l'.
87 1509 113 1548 Χ.
179 1507 230 1548 XV.
291 1506 341 1548 XX.
410 1507 482 1548 XXV.
519 1505 591 1548 XXX.
637 1507 732 1549 XXXV.
762 1507 807 1551 XL.
868 1507 935 1548 XLV.
982 1508 1006 1548 L.
1074 1503 1093 1559 ’ἐ

20 1573 44 1612 l'l.
67 1576 133 1618 ·XII.
181 1574 262 1616 XVIII.
294 1574 382 1617 XXIIII.
412 1575 485 1616 XXX.
521 1574 625 1618 XXXVI.
640 1573 703 1614 XLII.
764 1573 859 1617 XLVIII.
869 1575 935 1616 LIIII.
984 1574 1030 1614 LX.
1074 1564 1094 1612 ’Ξ

21 1639 55 1680 III.
86 1643 150 1686 XIIII.
179 1641 240 1684 XXI.
289 1641 391 1684 XXVIII.
408 1642 503 1686 XXXV.
518 1642 582 1683 XLII.
638 1641 747 1684 XLVIIII.
761 1642 817 1684 LVI.
869 1642 945 1684 LXIII.
985 1617 1093 1684 LXX}

21 1707 63 1749 tlll.
88 1711 144 1753 XVI.
181 1710 273 1754 XXIIII.
292 1710 384 1754 XXXII.
412 1710 456 1754 XL.
520 1709 616 1752 XLVIII.
638 1709 691 1751 LVI.
763 1709 849 1751 LXIIII.
870 1709 957 1752 LXXII.
983 1709 1072 1750 LXXX.

21 1775 72 1818 lllll.
87 1777 164 1820 XVIII.
181 1777 275 1819 XXVll.
291 1776 396 1820 XXXVI.
411 1777 477 1820 XLV.
520 1776 581 1821 LIIII.
638 1777 711 1821 LXIII.
761 1777 849 1820 LXXII.
869 1777 968 1820 LXXXI.
984 1776 1028 1820 XC.

22 1843 39 1882 I.
89 1846 136 1886 XX.
181 1845 254 1890 XXX.
291 1845 336 1886 XL.
411 1845 435 1886 L.
501 1845 565 1888 'LX.
638 1843 705 1886 LXX.
763 1843 853 1886 LXXX·
870 1846 914 1889 XC·
986 1847 1007 1887 C.

11 1953 13 1978 ,
473 1912 603 1966 Lonpitudo.
994 1953 996 1959 ,
1072 1914 1096 1952 21

116 2093 131 2124 .·
205 2074 293 2131 Ratio
310 2079 396 2146 atque
412 2077 555 2146 expositio
572 2075 700 2148 otperloe
713 2073 870 2146 formulae.

114 2222 228 2284 XXVII.
275 2221 306 2282 si
325 2223 417 2300 Igitur
433 2221 491 2282 duo
506 2223 601 2300 prima
618 2221 710 2284 latera
726 2223 895 2300 propositae
910 2221 1022 2280 lormu-

58 2305 111 2377 lae,
132 2325 209 2386 quae
225 2305 490 2395 iaciuntanpidum
507 2305 543 2366 eb
560 2324 619 2367 uno
635 2306 671 2366 ad
689 2306 733 2367 ·X·
752 2313 780 2366 et
797 2305 841 2366 ·X·
858 2305 1022 2384 proceden·
1046 2320 1129 2360 ,u

58 2393 106 2458 tia,
135 2393 332 2471 respiciantur
354 2401 383 2454 et
402 2391 448 2452 his
469 2389 652 2452 subteriores
668 2389 789 2451 ordines
804 2399 1021 2469 comparentur,
1036 2405 1062 2444 25

58 2479 103 2553 qui
118 2475 262 2537 sciliceta
287 2477 360 2538 IIII·
384 2475 524 2555 angulum
539 2473 715 2556 incipientes
737 2477 766 2535 in
787 2477 906 2537 vicenos
920 2477 1022 2538 termi-

58 2579 122 2620 num
139 2567 272 2640 ponunt,
293 2561 416 2640 duplex,
439 2561 467 2622 id
490 2570 535 2623 est
554 2562 650 2647 pulma
672 2561 786 2640 species
801 2561 1024 2641 multiplicitatis

58 2645 218 2708 ostenditur
230 2646 284 2716 ita,
307 2652 340 2706 ut
355 2646 469 2724 primus
484 2647 613 2725 primum
629 2643 691 2707 sola
707 2654 828 2724 superet
843 2647 970 2716 unitate,
992 2653 1023 2706 ut

11 2697 14 2726 l

120 2866 136 2916 8
159 2862 354 2915 tenuissimam
445 2863 636 2925 millosimam,
665 2869 757 2917 ultimis
784 2868 876 2917 litteris
902 2870 929 2915 ui
952 2867 1023 2916 indu·

55 2934 99 2982 ctis
116 2948 143 2986 a.
166 2939 169 2944 '
215 2932 448 2983 9iocundissima
467 2948 498 2993 a,
518 2933 551 2998 b,
570 2933 593 2997 l,
612 2948 635 2991 r,
656 2948 678 2984 s.
750 2933 1024 2984 10—211ncodiet-

55 2999 94 3049 bus
112 3001 326 3064 adscriptorum
343 3001 379 3050 ad
396 3001 443 3050 ·I·:
470 2999 563 3051 Prima
581 3001 675 3051 unitus
694 3004 857 3066 tetragona3
876 3003 913 3052 od
928 3008 1023 3051 utnum-

55 3083 97 3130 que
109 3068 152 3117 ·X·
189 3066 316 3118 Secunde
333 3068 440 3130 unltes3
460 3070 496 3118 od
507 3084 531 3118 e.
567 3069 664 3119 Tertia
681 3069 774 3118 unitos
793 3073 955 3132 tetragona3
980 3087 1024 3118 nu·

55 3137 112 3184 neri
132 3136 258 3202 quadrati
280 3137 424 3200 diaponotio
445 3137 529 3186 lineae
552 3139 635 3186 instar
656 3139 736 3202 positi
752 3137 831 3186 variis
847 3138 938 3202 alpais,
961 3135 1023 3186 etl

55 3205 89 3252 oct
102 3209 152 3266 ><‚
172 3204 241 3253 Inter
258 3217 286 3253 se
303 3205 381 3254 iuncti
402 3209 474 3261 sont,·
497 3219 562 3270 quae
584 3221 600 3254 o
618 3203 711 3255 Boetio
730 3205 854 3268 profecto
877 3219 932 3255 esse
955 3206 1024 3270 equi-

56 3271 104 3320 dem
121 3273 276 3336 repererim.
374 3273 408 3320 22
428 3271 535 3322 Titulom
552 3287 599 3322 om.
619 3287 651 3336 a,
669 3273 702 3333 b,
723 3287 751 3333 c,
771 3271 794 3329 l;
813 3273 836 3322 ir
853 3274 880 3322 in
898 3272 1024 3335 dfiporoe

55 3353 128 3403 apra
151 3339 299 3403 descriptae
320 3339 477 3403 redemptor
494 3347 541 3392 eu.
622 3341 655 3390 23
677 3338 782 3389 uxur-
801 3339 831 3402 a,
852 3338 1024 3391 ·xxv111·1.

55 3457 192 3510 lidecem
206 3456 374 3510 otdoeeml.
410 3459 444 3509 25
456 3457 644 3522 respiciuntur
657 3473 680 3510 c.
721 3416 872 3508 uenuste
919 3455 1024 3506 18ηηί-

55 3528 107 3577 tote
126 3529 242 3592 superet
260 3541 281 3576 s.
