2444 3980
219 199 278 264 108
513 199 604 252 mer.
622 197 775 248 terrun.
794 197 834 261 11,
853 201 896 249 23.

282 369 452 450 Pyramides
467 388 483 429 a
499 367 672 446 triangulis„
775 362 780 374 “
1204 417 1205 460 t

219 489 240 549 1.
257 489 319 549 1111.
336 489 371 549 X.
388 489 449 549 XX.
467 487 577 548 XXXV.
594 486 664 546 LVI.
681 485 847 548 LXXXIlii.
863 485 946 548 CXX.
961 485 1066 547 CLXV.
1082 485 1179 568 CCXX.

282 607 316 666 In
342 607 398 667 hac
426 607 516 684 igitur
539 607 746 666 coniunctione
768 623 889 666 necesse
914 613 971 673 est,
1002 615 1033 666 ut
1060 620 1179 680 semper,

220 693 269 769 qui
286 692 407 752 ultimus
429 700 473 751 est
495 692 718 819 coniugatorum
735 707 942 761 numerorum,
965 691 989 750 is
1011 689 1180 774 quasique·

124 847 135 885 ᾧ
194 776 377 838 5dammodo
402 775 481 836 basis
508 777 553 834 sit.
598 763 724 836 ‘Cunctis
745 776 822 835 enim
845 774 929 834 latior
952 769 1123 834 inventioni
1151 773 1181 830 ut

220 863 269 940 qui
290 871 358 922 ante
379 862 475 938 ipsum
499 861 614 919 numeri
640 862 870 937 coniungantur,
899 861 1029 919 minores
1052 877 1117 918 esse
1136 875 1181 915 ne·

221 963 303 1006 cesse
324 955 382 1016 est,
406 944 590 1022 usquedum
612 945 648 1004 ad
671 946 811 1005 unitatem
834 944 977 1004 detractio
1000 955 1065 1004 rata
1088 959 1181 1021 perve-

217 1034 295 1114 niat,
313 1047 387 1109 quae
403 1030 504 1107 puncti
520 1029 737 1106 quodammodo
756 1036 784 1089 et
801 1031 918 1090 verticis
934 1028 1066 1090 obtineat
1082 1027 1180 1087 locum.
1204 1013 1205 1080 i

216 1115 355 1193 ‘Namque
377 1116 407 1174 in
431 1113 475 1174 ·X·
493 1115 647 1193 pyramide
662 1132 752 1192 super
768 1133 819 1174 sex
835 1113 926 1174 additi
941 1123 1010 1174 sunt
1024 1123 1089 1174 tres
1104 1119 1181 1188 atque

130 1248 147 1279 g
184 1215 208 1251 10
224 1217 314 1268 nnuc,
346 1201 396 1276 qui
426 1203 560 1260 senarius
589 1209 709 1278 superat
738 1201 898 1260 ternarium
928 1200 1108 1277 quantitate,
1136 1195 1182 1273 ipsi

222 1301 291 1343 rero
312 1290 374 1343 tres
395 1302 486 1344 unum
504 1281 670 1360 pluralitate
687 1285 913 1394 transcenduuq,
935 1285 986 1362 qui
1000 1301 1079 1344 unus
1095 1289 1181 1343 extre·

172 1431 187 1440 ,
221 1386 301 1428 mum
327 1369 486 1427 terminum
515 1369 731 1445 progressionis
756 1369 888 1430 oiieudit.
938 1367 1047 1429 Similis
1075 1381 1182 1446 quoque

221 1453 296 1512 ratio
318 1454 349 1511 in
371 1452 478 1512 ceteris
504 1454 634 1532 perspici
656 1462 768 1532 potest,
796 1455 821 1514 si
843 1472 945 1514 eorum
967 1452 1183 1531 procreationes

222 1538 392 1614 diligentius
410 1535 537 1598 volueris
553 1541 742 1616 perscrutari.
788 1537 859 1598 Illae
875 1556 1007 1617 quoque,
1029 1540 1183 1616 quaesunt
1204 1577 1205 1596 1

183 1637 207 1677 15
221 1643 236 1682 a
254 1631 407 1700 tetragono
422 1623 598 1701 pyramides,
612 1623 715 1683 eadem
728 1631 950 1700 tetragonorum
964 1641 1055 1702 super
1068 1635 1182 1681 secom·
1204 1653 1205 1686 2

221 1709 367 1787 positione
388 1715 559 1768 nascuntur.
606 1707 765 1784 descriptis
786 1709 864 1768 enim
886 1711 999 1767 cunctis
1018 1703 1181 1782 tetragonis,
1204 1715 1205 1784 j

221 1792 310 1850 idest
331 1790 353 1849 1.
376 1790 438 1850 1111.
457 1791 542 1851 vult.
566 1791 637 1852 XVI.
661 1793 746 1854 XXV.
770 1792 895 1853 XXXVI.
917 1792 1055 1853 XLVIIII.
1078 1785 1205 1850 1111111

220 1875 345 1935 LXXXi.
365 1875 412 1942 C„
435 1877 459 1934 si
475 1877 616 1936 unitatem
633 1879 757 1954 primam
775 1897 811 1938 ex
827 1878 882 1937 hac
899 1877 1091 1955 dispositione
1107 1889 1182 1950 prae·
1204 1891 1205 1898 ¹

131 1959 137 1968 '
222 1977 354 2029 sumam,
383 1961 439 2020 erit
464 1961 537 2020 mihi
563 1967 708 2038 potestate
736 1971 765 2022 et
792 1965 818 2022 vi
843 1964 973 2041 pyramis
999 1963 1063 2039 Ipsa
1088 1959 1183 2021 unitas,

88 2105 106 2140 s
183 2057 208 2096 20
222 2044 353 2104 nondum
377 2047 463 2105 etiam
486 2064 576 2123 opere
598 2053 686 2123 atque
706 2054 782 2108 actu.
828 2051 865 2108 At
880 2049 905 2106 si
920 2047 988 2108 huic
1005 2054 1184 2122 tetragonum
1204 2099 1205 2118 1

222 2149 436 2208 superponam,
459 2129 487 2189 id
510 2141 554 2190 est
576 2140 728 2208 quattuor,
752 2138 888 2192 nascetur
911 2133 1039 2210 pyramis
1062 2129 1205 2208 quinque?

221 2233 431 2286 numerorum,
455 2233 530 2293 quae
554 2215 671 2277 duobus
687 2224 799 2276 tantum
816 2217 946 2277 numeris
961 2234 1016 2294 per
1031 2213 1122 2275 latera
1138 2229 1184 2289 po·
1204 2215 1205 2224 ’

221 2302 283 2360 sitis
298 2302 476 2362 continetur.
522 2301 572 2361 Sin
594 2319 663 2362 vero
687 2301 732 2360 his
750 2309 907 2378 sequentes
924 2318 1027 2361 novem
1045 2300 1183 2361 adiecero,

221 2385 271 2443 tiet
301 2386 372 2445 mihi
402 2388 636 2463 quattuordecim
668 2403 862 2446 numerorum
895 2386 989 2446 torma
1018 2381 1182 2464 pyramidis.

183 2479 209 2517 25
223 2487 298 2545 quae
314 2486 367 2545 per
383 2469 475 2530 latera
491 2470 587 2530 tribus
602 2471 765 2531 unitatibus
781 2471 982 2532 concludatur.
1013 2475 1108 2547 Atque
1123 2465 1184 2526 huto

222 2556 247 2611 si
274 2561 446 2628 sequentem
474 2564 661 2630 tetragonum
686 2556 767 2616 XVI·
792 2573 1006 2634 superponam,
1034 2549 1183 2614 tricenaria
1204 2605 1205 2608 ,

221 2637 294 2696 mihi
310 2639 469 2716 pyramidis
485 2640 579 2698 t'orrna
597 2640 779 2716 producitur.
809 2640 841 2699 iu
858 2641 903 2700 itis
920 2658 1038 2719 quoque
1055 2635 1185 2698 omnibus

221 2721 380 2799 pyramidis
408 2729 451 2780 tot
480 2732 567 2781 erunt
594 2725 719 2784 unitates
745 2743 799 2802 per
823 2725 930 2794 latera,
959 2733 1085 2804 quantae
1108 2723 1136 2782 iu
1157 2729 1205 2776 se

221 2823 414 2865 numerorum
437 2806 612 2884 adgregatae
637 2807 746 2869 inerint
764 2812 949 2889 quantitates.
995 2810 1068 2870 Nam
1084 2807 1183 2869 unitas,

288 3011 304 3058 3
323 3009 400 3060 Hunc
417 3027 514 3060 versum
524 3015 661 3075 praeeedit
682 3015 708 3062 in
720 3029 736 3061 o
750 3015 849 3062 titulus:
868 3013 911 3062 De
926 3014 1013 3063 curtis
1030 3006 1182 3076 pyramidis·
1204 3055 1205 3058 ,

220 3076 338 3128 XXIIII.
408 3080 527 3138 ds'rta,
547 3080 577 3143 d,
599 3080 622 3141 f,
644 3097 669 3142 r,
689 3095 710 3129 s.
741 3077 752 3146 11
786 3079 823 3146 is]
844 3081 932 3134 hisa.
1001 3080 1183 3130 adectmoat

220 3144 343 3208 decima,
371 3160 498 3204 aerato,
524 3162 544 3195 s.
583 3144 595 3213 11
634 3149 686 3198 VI·
706 3163 729 3200 c.
763 3144 774 3213 11
813 3149 868 3198 ΙΙΙΙ·
889 3165 911 3201 e.
988 3152 1019 3198 10
1042 3144 1182 3197 ternariam

221 3212 408 3274 quantitatem
432 3230 462 3276 a,
482 3215 511 3269 d.
531 3215 550 3268 f,
626 3217 656 3264 11
678 3231 743 3266 vero
766 3232 847 3280 supro
869 3232 966 3266 verorum
986 3233 1010 3268 a.
1045 3213 1056 3282 11
1090 3213 1182 3284 1111.

222 3282 329 3330 12-13
352 3280 384 3329 In
409 3283 510 3330 ueteris
529 3297 636 3346 quoque
661 3286 732 3332 ratio
754 3284 852 3334 similis
872 3286 896 3333 d.
969 3288 999 3334 19
1018 3285 1086 3333 mihi
1103 3296 1145 3332 om.
1163 3279 1180 3321 i·

220 3349 253 3397 20
272 3346 463 3414 tetragonum]
488 3351 596 3399 Videtur
617 3354 747 3416 tegendum
772 3358 934 3416 sequentem
957 3358 1129 3418 tetragonum
1149 3342 1185 3394 vet

220 3419 394 3480 tetragonum
416 3417 574 3468 seeundum.
643 3421 674 3468 21
696 3419 765 3468 Ι1111·
787 3435 810 3468 o.
880 3421 1025 3482 1411111,
1046 3420 1106 3480 fiat,
1129 3414 1182 3462 aiu

221 3491 361 3546 emutare,
381 3500 405 3532 a.
437 3481 448 3549 11
473 3484 570 3535 XIIII.
592 3501 614 3534 c.
684 3488 987 3552 accommodaret.
1051 3487 1182 3545 autema

221 3551 372 3615 pyramidis
391 3552 416 3603 d.
446 3549 457 3618 11
487 3551 659 3616 producitur,
681 3554 691 3600 i
709 3561 803 3604 rrzutoto
822 3557 848 3604 in
868 3571 896 3619 e,
916 3571 941 3605 a.
