2446 3964
380 216 474 270 mor.
493 215 643 267 annuum.
664 218 689 280 1,
709 219 751 268 aa.
1011 214 1050 277 ῃ

76 389 320 468 quadripartiens
346 388 442 448 statim
472 388 620 465 quantitas
648 386 871 465 procreabitur,
897 395 930 446 ut
952 392 995 446 est
1017 405 1050 448 ea

76 477 191 544 forma,
210 491 298 551 quam
314 472 496 552 subpositum
512 472 600 534 vides

350 591 436 651 XXV.
524 589 586 649 XX.
673 589 746 649 lll'l.
857 607 928 657 atu

350 675 434 736 XXV.
523 674 606 734 XLV.
673 673 799 734 LXXXI.
1052 744 1078 793 A

15 801 16 830 ³
78 796 199 864 Restat,
223 792 472 872 quemadmodum
495 812 530 854 ex
553 792 871 874 superparticularibus
893 801 922 854 et
947 787 1090 873 superior

77 878 277 960 partientibus
299 878 477 958 multiplices
499 877 783 959 superparticulares
810 876 855 937 vel
876 877 1053 956 multiplices
1117 917 1145 977 †

77 967 338 1044 superpartientes
360 969 519 1024 nascantur
540 963 712 1033 ostendere,
736 981 863 1041 quorum
886 961 970 1023 binas
989 971 1053 1035 tana

80 1059 144 1111 tum
161 1049 268 1109 laciam
286 1048 509 1127 descriptiones
540 1049 674 1126 Namque
690 1049 713 1110 si
730 1057 844 1108 rectum
862 1054 891 1108 et
906 1065 965 1107 non
982 1041 1052 1108 conf

77 1152 200 1194 versum
222 1131 436 1211 sesqualterum
457 1134 611 1212 ponimus,
640 1132 748 1213 duplex
774 1131 1053 1212 superparticularis

78 1220 239 1280 excrescit.
271 1218 315 1278 Sit
330 1219 407 1278 enim
424 1217 481 1278 hoc
497 1217 626 1298 modom
1053 1201 1092 1266 'lb

383 1337 447 1397 llll.
534 1337 579 1398 Vl.
600 1339 602 1346 ’
667 1336 754 1396 Vllll.

78 1457 215 1518 Ponatur
230 1454 393 1516 secundum
416 1457 602 1534 superiorem
617 1455 738 1515 modum
758 1457 855 1534 primo
876 1455 990 1534 primus
1006 1473 1054 1514 ae-

15 1583 16 1600 ,
76 1540 192 1620 qualis,
220 1540 247 1600 id
273 1547 315 1600 est
339 1540 427 1608 -llll·,
451 1540 598 1600 secundus
620 1539 715 1619 primo
738 1546 767 1600 et
788 1540 931 1608 secundo,
960 1540 1055 1600 idest
1132 1559 1145 1598 a

83 1625 145 1694 ·X·,
164 1626 271 1698 tertius
287 1625 400 1704 primo,
418 1624 535 1687 duobus
551 1625 688 1700 secundis
706 1631 734 1684 et
748 1625 835 1684 tertio
858 1623 1001 1701 aequalis
1025 1623 1054 1683 id

15 1709 16 1714 ’
76 1721 126 1770 est
141 1710 227 1770 XXV.
970 1717 971 1720 ’
1068 1715 1093 1756 15

15 1791 16 1850 3
374 1793 436 1853 llll.
525 1795 570 1854 Vl.
657 1793 744 1854 vlltl.
807 1811 900 1888 wi

377 1878 440 1938 uu.
527 1877 562 1938 x.
665 1879 750 1939 xxv.
887 1855 900 1903 s

1118 1103 1134 1154 ll

147 1997 243 2076 Atque
269 1998 344 2057 haec
372 1997 491 2074 quidem
513 1996 622 2074 duplex
644 1997 826 2076 sesqualtera
849 2015 963 2058 summa
985 2015 1081 2075 paug,

15 2089 16 2152 ζ
78 2083 172 2143 ducta
196 2089 253 2151 est;
277 2082 301 2142 si
327 2099 398 2141 vero
431 2083 651 2160 sesquitertium
678 2099 738 2141 nou
765 2099 940 2142 conversum
962 2099 1055 2158 pona·
1122 2138 1142 2162 ἑ

15 2163 16 2242 i
78 2187 151 2312 plius
169 2165 277 2245 duplex
292 2167 497 2246 sesquitertius
512 2166 676 2236 invenitur,
697 2172 729 2226 ut
745 2167 876 2227 subiecta
893 2163 1094 2282 descriptime

15 2289 16 2298 κ
106 2257 190 2313 ocet:

368 2335 454 2396 vnn.
543 2335 605 2394 xu.
693 2335 765 2394 xvr.
861 2339 945 2414 pto

368 2420 452 2479 mn
540 2419 615 2479 xxi.
691 2415 872 2480 rernm·
931 2415 933 2418 ’
1044 2463 1071 2509 a

78 2543 118 2602 At
133 2556 208 2599 vero
230 2538 254 2596 si
275 2538 311 2597 ad
333 2540 584 2618 superpartientes
604 2539 734 2598 animum
758 2543 963 2597 convertamus
991 2555 1057 2597 eos-

78 2643 141 2704 que
160 2621 318 2683 ordinatim
330 2623 493 2683 secundum
511 2625 665 2702 superiora
681 2633 839 2702 praecepta
851 2623 1052 2702 disponamus,
1070 2643 1095 2684 aa
1130 2646 1164 2688 ιι

15 2765 16 2770 ,
79 2706 264 2788 multiplices
279 2708 705 2788 superpartientesordinatim
719 2709 893 2787 progenitos
904 2708 1056 2786 repperie-

15 2833 16 2856 t
79 2813 162 2855 mus¹
194 2792 373 2872 Disponatur
390 2793 466 2852 enim
484 2794 730 2872 superpartientis
746 2793 819 2853 haec
835 2790 977 2852 formula:
1031 2803 1055 2840 “7

369 2893 457 2955 Vllll.
545 2894 603 2953 XV.
691 2894 776 2955 XXV.

1119 2381 1150 2435 p

1119 2861 1135 2891 ‚l

154 3083 169 3130 1
187 3080 329 3145 quantitas
347 3096 427 3145 supra
445 3095 541 3130 cererem
560 3079 584 3128 d.
608 3076 619 3145 ΙΙ
643 3095 676 3130 ea
695 3095 741 3130 carr.
757 3095 780 3132 o.
851 3081 882 3130 10
902 3079 1057 3142 crescito,

77 3149 273 3212 b;aderescit
291 3147 317 3200 d.
346 3145 357 3214 ll
387 3149 438 3208 Sit]
458 3147 504 3196 Fit
523 3163 553 3210 a,
574 3163 602 3210 c,
622 3147 651 3210 d,
673 3163 693 3197 s.
735 3147 776 3198 sit
795 3183 801 3197 .
822 3184 827 3195 .
849 3182 855 3196 .
874 3145 964 3210 modo]
986 3147 1059 3196 enim

77 3219 134 3268 hoc
162 3216 241 3266 modo
264 3221 384 3282 ponatur
406 3233 428 3265 r.
517 3217 547 3266 12
571 3216 695 3266 Ponatur
718 3231 764 3267 om.
789 3231 809 3267 r.
839 3210 851 3280 11
879 3212 1057 3279 superiorem]

77 3287 206 3352 priorem
226 3300 248 3347 c,
269 3283 295 3338 d.
339 3287 398 3336 ,13
417 3287 546 3348 quattuor
565 3300 590 3346 a,
609 3285 635 3346 b,
656 3283 681 3348 d,
703 3283 721 3345 l,
740 3299 761 3344 r,
782 3298 805 3332 s.
876 3285 908 3332 14
932 3283 1058 3349 aequalis

77 3371 127 3406 om.
155 3353 180 3402 d.
269 3353 473 3403 1oet1tnu0
496 3353 522 3401 bi
543 3368 631 3402 versuo
653 3354 680 3400 in
702 3353 814 3416 otarpioe
840 3353 958 3415 leputatur
983 3353 1009 3414 io
1032 3367 1058 3402 a.

79 3426 112 3473 17
132 3418 235 3483 XXV.]
255 3420 320 3470 ·XV·
342 3437 364 3471 c.
412 3423 594 3485 reponamus
614 3434 775 3470 conversum
795 3420 814 3468 f.
868 3418 1012 3483 aucupius
1033 3433 1058 3478 a,

15 3511 16 3514 ¹
78 3507 111 3553 c,
132 3489 169 3549 d,
189 3489 216 3548 f,
237 3503 262 3550 r,
282 3503 303 3536 s.
334 3485 345 3554 b
375 3487 415 3552 ut]
436 3487 491 3538 let
513 3504 594 3552 supra
616 3503 715 3538 versum
732 3491 805 3546 utvr.
928 3488 960 3535 21
979 3484 1060 3534 docet

15 3549 16 3578 ³
77 3557 233 3621 discriptio
252 3570 274 3604 s.
