2426 4002
425 207 633 256 PRAEFATIO.
988 219 1010 264 V

27 363 117 427 unde
136 361 288 458 ⁸titulum
317 357 446 448 quoque
468 365 607 448 petitum
630 386 700 428 esse
723 369 794 432 veri
822 369 928 438 simile
952 381 1009 453 est,

28 466 82 551 qui
122 465 254 550 legitur
287 466 323 528 in
354 464 465 530 codice
493 465 607 530 Bamb.
637 466 699 532 HI.
728 469 768 537 N.
792 471 831 535 13
855 471 906 560 (d)
934 483 1010 537 ante

28 567 208 633 titulorum
237 565 383 632 indicem
411 565 488 631 libri
510 567 546 631 ΙΙ
569 568 609 632 de
632 569 708 634 inst.
731 561 861 637 arithm.
886 583 932 661 (p.
957 576 1008 656 72,

29 691 59 732 r.
85 671 108 734 9
131 691 207 733 var.
233 669 336 754 lect).
382 669 451 734 Nec
478 670 609 736 obstare
637 671 718 736 mihi
746 673 892 759 videtur,
922 678 1007 763 quod

30 771 172 836 Boetius
196 774 232 836 in
256 793 326 858 cap.
352 772 600 857 quadragesimo
622 773 698 838 libri
721 773 757 839 ΙΙ
779 777 855 839 inst.
879 778 1007 846 arithm.

31 874 74 958 (p.
103 875 187 957 137,
214 896 245 938 v.
271 875 304 959 7)
333 873 571 940 arithmeticam
600 877 947 944 introductionem
974 903 1008 966 sc

31 979 216 1042 terminare
240 976 332 1041 dicit.

117 1113 271 1178 Alterius
295 1119 401 1200 operis
424 1115 668 1200 inscriptionem
693 1118 900 1182 manifestam
915 1119 1010 1185 reddi

30 1219 151 1303 putavi
182 1237 257 1279 cum
285 1216 391 1302 capite
420 1217 547 1282 decimo
575 1217 652 1282 libri
673 1217 738 1283 ΙΠ.
763 1221 803 1285 de
825 1222 901 1286 inst.
924 1246 1008 1288 mus.

32 1319 78 1406 (p.
95 1319 181 1402 283,
205 1341 238 1380 v.
262 1320 313 1404 9):
347 1325 393 1397 in,
424 1326 506 1400 qood
532 1327 717 1386 institutione
744 1330 877 1389 musicae
905 1332 1011 1391 adorsi

31 1444 152 1500 scimus,
190 1431 260 1485 tum
288 1423 395 1507 capite
423 1422 645 1488 sextodecimo
674 1425 820 1489 eiusdem
848 1426 925 1491 libri
954 1428 1008 1494 III

34 1525 77 1609 (p.
101 1525 186 1605 300,
211 1545 243 1586 v.
265 1523 318 1608 2);
350 1530 433 1602 qood
458 1538 594 1606 superest
621 1533 754 1592 musicae
775 1535 956 1594 institutioni
976 1540 1008 1595 et

34 1627 143 1712 capite
168 1625 306 1712 septimo
330 1624 408 1691 libri
431 1626 461 1690 V
484 1627 530 1713 (p.
546 1629 624 1710 358,
648 1651 680 1691 v.
696 1629 748 1714 2);
775 1651 854 1710 quae
875 1638 1007 1697 secundo

34 1733 123 1792 nnius
152 1733 347 1793 institutionis
373 1733 451 1793 libro
479 1736 655 1809 digressimus
683 1740 715 1795 et
736 1731 824 1796 infra
846 1732 893 1817 (r.
910 1733 944 1820 9)
967 1755 1007 1798 ex

7 1865 8 1920 3
35 1836 170 1896 secundo
206 1835 296 1896 buius
330 1836 524 1897 institutionis
555 1841 688 1898 musicae
723 1839 802 1898 libro
835 1845 865 1898 et
896 1848 1007 1914 quarto

7 1933 8 2014 ζ
34 1938 196 2012 petendum
224 1943 276 1997 est.
326 1931 415 1996 Hinc
444 1935 512 1998 eins
541 1957 654 2022 opera,
685 1937 741 2021 qui
769 1936 880 2001 titulos
909 1937 1006 2003 finxit·

36 2045 66 2099 et
93 2033 222 2099 indices
251 2057 363 2100 eorum
393 2038 589 2125 composuit,
613 2037 751 2102 formula
775 2040 817 2122 (e.
834 2062 865 2124 g.
882 2062 913 2125 p.
929 2039 1003 2121 225,

8 2171 9 2192 ³
36 2161 66 2200 r.
84 2137 140 2222 16)
158 2142 196 2201 cle
210 2145 327 2204 musica
343 2144 377 2202 id
395 2151 439 2203 est
459 2147 617 2204 armonica
639 2147 822 2206 institutione
843 2146 919 2206 liber
934 2152 1005 2206 orta

37 2239 178 2304 videtur.

119 2375 243 2440 Eorum
271 2375 445 2460 librorum,
480 2399 560 2463 quos
589 2377 723 2441 Boetius
757 2376 798 2438 dc
825 2378 1004 2460 geometria

37 2479 207 2564 scripsisse
230 2478 367 2562 dicitnr,
395 2479 596 2563 investigare
619 2501 729 2542 veram
758 2478 1003 2564 inscriptionem

8 2647 9 2666 ,
37 2581 115 2645 nihil
144 2579 234 2644 aliud
265 2591 352 2645 esset
378 2583 442 2646 nisi
471 2603 600 2669 operam
629 2589 660 2644 et
693 2590 820 2666 tempus
855 2581 1002 2668 perdere.

8 2673 9 2750 l
37 2685 102 2747 Iam
118 2685 205 2748 inter
225 2682 373 2747 homines
390 2683 501 2748 doctos
517 2693 660 2766 constat,
685 2705 738 2747 eos
754 2682 854 2748 libros
870 2684 1003 2747 minime

38 2786 147 2851 Boetio
175 2783 369 2850 tribuendos
393 2807 480 2868 esso,
511 2808 590 2872 quos
615 2785 742 2850 codices
765 2807 863 2848 manu
889 2787 1003 2872 scripti

38 2912 96 2953 non
132 2888 229 2975 pauci
267 2896 398 2973 practer
434 2888 514 2953 duos
551 2886 624 2953 illos
661 2887 833 2973 praebent,
877 2889 932 2972 qni
968 2889 1002 2951 in

38 2990 327 3076 praestantissimis
352 2988 518 3055 codicibus
539 2990 736 3074 Erlangensi
759 2999 790 3053 et
807 2989 1003 3055 Carnutensi

8 3095 9 3148 ὲ
39 3093 284 3178 reperiuntur5).
330 3091 400 3155 Nec
422 3094 508 3179 ipsos
532 3092 590 3156 hos
615 3093 695 3157 duos
718 3090 820 3156 libros
843 3114 862 3155 a
884 3093 1001 3156 Boetio

8 3275 9 3286 ἵ
40 3197 227 3282 compositos
258 3215 330 3258 esse
358 3215 416 3279 ego
445 3196 577 3282 quidem
608 3194 767 3260 contendo
799 3204 1002 3280 repugnante

8 3287 10 3370 ’Ἴ
40 3298 180 3385 inprimis
204 3296 359 3363 Cantore.
401 3295 468 3362 Sub
492 3297 601 3362 indice
623 3297 730 3361 adhuc
754 3295 794 3361 lis
818 3304 881 3379 cst,
907 3318 1001 3381 qnam

115 3557 136 3620 ⁵)
156 3556 277 3622 Cantor,
296 3555 427 3610 Mathem.
447 3558 587 3622 Beitrttge.
625 3558 652 3608 S.
673 3556 822 3606 rso-197.
