2398 3968
170 152 212 218 35
471 151 565 204 mer.
583 152 734 204 terrum.
753 153 781 214 1,
802 155 842 203 rr.

172 325 286 403 positos
301 323 378 385 inter
399 341 431 383 se
446 323 565 402 inpares
581 331 643 384 rata
660 323 877 384 intermissione
893 321 1091 392 transsiliaut,
1116 333 1146 382 ut

172 410 287 489 primus
302 408 375 478 duo,
398 407 546 469 secundus
570 406 670 475 -llll·,
693 408 796 469 tertius
814 407 881 468 ·Vl·
904 416 1027 487 quartus
1046 407 1145 468 ·VHl·

176 495 296 573 quintus
319 493 392 564 ·X·‚
413 491 459 554 vel
475 494 498 553 si
518 492 600 554 locos
615 510 684 554 suos
700 491 908 572 conduplicent
929 501 958 552 et
978 491 1148 554 secundum

176 577 406 659 duplicationem
422 581 566 640 terminos
581 578 792 646 intermittant,
810 586 841 638 ut
856 578 1004 638 ternarius
1019 579 1073 655 qui
1089 578 1148 654 pri-

151 678 245 726 emus
261 672 305 724 est
319 681 463 726 numerus
478 671 507 724 et
522 679 599 723 unus
613 695 654 706 -
671 663 767 722 omnis
781 664 863 722 enim
878 664 992 742 primus
1008 679 1089 722 unus
1106 669 1149 722 est

176 784 213 794 --
230 748 275 810 bis
294 747 392 810 locum
414 766 500 810 suum
526 745 699 824 multiplicet
719 747 865 824 iaciatque
886 746 932 808 bis
953 764 1063 815 unum;
1098 749 1148 824 qui

157 825 241 895 fcum
258 833 314 896 ·ll·
331 836 403 904 sint,
426 833 540 913 primus
558 832 615 892 ·ll'·
639 832 753 892 medios
775 838 917 893 transeat.
962 831 1080 892 Rursus
1103 848 1147 890 se·

85 996 88 1003 ¹
174 919 304 989 eundus,
326 918 356 980 id
378 925 422 979 est
438 918 604 994 quinarius,
628 917 652 978 si
673 915 771 976 locum
792 933 877 978 suurn
894 914 1036 996 duplicet,
1063 915 1146 976 ·llll·

175 1002 347 1082 explicabit,
379 1003 428 1062 hic
458 1019 577 1080 quoque
606 1003 647 1062 uti
679 1001 762 1062 ·llll·
789 1002 970 1063 intermittat.
1022 1001 1098 1062 ltem
1125 1001 1148 1059 si

47 1130 69 1178 s
136 1103 161 1144 1⁰
175 1089 377 1167 septenarius,
405 1088 455 1166 qui
477 1088 581 1148 tertius
603 1093 661 1156 est,
694 1085 792 1146 locum
813 1105 899 1148 suum
922 1085 1068 1164 duplicet,
1097 1104 1148 1147 sex

45 1200 72 1250 3„
175 1171 297 1233 creabit.
342 1173 392 1234 Bis
408 1173 486 1233 enim
504 1171 573 1232 ·lll·
595 1172 745 1232 senarium
761 1172 895 1248 iungunt.
940 1171 996 1232 llic
1020 1189 1096 1250 ergo
1117 1171 1149 1228 iu

176 1257 310 1320 ordinem
331 1257 399 1318 ·Vl·
421 1255 580 1336 relinquat.
627 1253 754 1324 Quartus
770 1273 888 1335 quoque
904 1257 928 1316 si
943 1255 1041 1316 locum
1059 1273 1148 1316 suum

176 1342 319 1422 duplicet,
344 1341 426 1402 ·Vlll·
440 1350 638 1402 succrescent.
682 1339 735 1400 llle
753 1357 872 1418 quoque
893 1350 959 1403 octo
975 1339 1147 1402 transsiliat.

148 1431 272 1507 &Atque
288 1428 346 1487 hoc
362 1425 481 1506 quidem
497 1427 528 1486 in
544 1429 651 1487 ceteris
667 1425 917 1504 perspiciendum.

140 1523 165 1564 1⁵
234 1512 355 1574 Modum
376 1519 474 1573 autem
497 1511 658 1573 mensionis
679 1509 843 1572 secundum
859 1509 993 1571 ordinem
1009 1509 1147 1570 conloca·

152 1610 157 1632 1
177 1605 277 1659 torum
297 1599 361 1675 ipsa
379 1598 473 1658 series
489 1595 577 1657 dabit.
623 1595 698 1656 Nem
713 1597 827 1672 primus
843 1597 971 1672 primurn
987 1613 1078 1674 quem
1096 1611 1149 1655 nu-

177 1690 287 1750 merat,
310 1681 472 1741 secundum
490 1682 620 1759 primum
637 1687 790 1748 numerat,
813 1679 842 1740 id
859 1688 903 1742 est
918 1679 1086 1740 seeundum
1102 1696 1148 1746 se;

178 1774 208 1827 et
237 1765 402 1826 secundum
438 1767 552 1843 primus
588 1783 675 1842 quem
711 1771 862 1834 numerat,
900 1783 953 1842 per
982 1765 1150 1826 secundum

178 1859 332 1918 numerat,
365 1857 394 1910 et
420 1852 539 1925 tertium
563 1868 616 1928 per
638 1851 758 1912 tertium
784 1857 814 1910 et
840 1857 978 1927 quartum
1001 1849 1074 1910 item
1097 1866 1150 1927 per

139 1941 327 2014 sequanum.
372 1935 445 1996 Cum
472 1941 570 1995 autem
596 1936 744 1995 secundus
770 1936 953 1995 mensionem
975 1935 1150 2014 susceperit,

41 2034 51 2066 t
177 2021 307 2100 primum
328 2037 417 2098 quem
439 2029 588 2090 numerat,
610 2020 774 2082 secundum
788 2022 923 2099 primum
945 2019 1077 2087 metitur,
1103 2035 1148 2080 se·

178 2104 309 2170 cundum
329 2123 400 2166 vero
422 2123 511 2185 quem
532 2112 682 2176 numerat,
709 2121 831 2182 perse,
853 2103 881 2164 id
904 2110 948 2164 est
967 2121 1021 2182 per
1042 2119 1150 2164 secun-

179 2192 264 2260 dum,
293 2197 322 2252 et
341 2192 461 2252 tertium
477 2208 532 2270 per
554 2192 685 2260 tertium,
710 2198 738 2250 et
757 2191 789 2248 iu
810 2189 920 2250 ceteris
941 2187 1043 2250 eadem
1068 2186 1150 2250 simi-

48 2307 75 2324 ’-
165 2276 302 2346 tliludine
324 2294 463 2338 mensura
486 2275 642 2338 constabit.
658 2273 766 2348 Atilios
787 2291 859 2352 ergo
887 2275 912 2334 si
936 2274 1080 2353 respicias
1107 2269 1151 2332 vel

142 2381 168 2422 25
182 2363 232 2439 qui
252 2360 329 2421 alios·
345 2364 439 2424 mensi
460 2371 544 2431 sunt,
566 2359 611 2421 vel
631 2361 681 2440 qui
696 2359 751 2440 ipsi
772 2357 809 2419 ab
825 2358 888 2418 aliis
905 2361 1084 2426 metiuntur,
1108 2359 1150 2418 in·
1190 2337 1191 2430 l

180 2446 280 2505 venies
310 2448 441 2506 omnium
472 2444 559 2506 simul
586 2461 775 2506 communem
800 2461 971 2505 mensuram
998 2461 1062 2503 esse
1090 2457 1150 2503 non
1190 2431 1191 2504 l

180 2547 282 2610 posse,
310 2546 408 2604 neque
435 2537 468 2589 ut
493 2547 598 2590 omues
624 2546 802 2609 quemquam
824 2527 914 2588 alium
936 2528 1021 2590 simul
1044 2545 1150 2588 nume·

180 2622 260 2684 rent;
284 2613 427 2691 quosdam
448 2621 545 2674 autem
567 2631 603 2673 ex
624 2611 670 2673 his
690 2612 726 2673 ah
747 2613 803 2674 alio
824 2631 911 2692 posse
926 2614 1037 2682 metiri,
1059 2613 1151 2673 itaut
1190 2619 1191 2714 p

181 2699 218 2759 ab
240 2717 300 2759 uno
321 2705 434 2759 tantum
451 2705 662 2767 numerentur;
684 2696 756 2759 alios
773 2716 856 2767 vero,
878 2705 911 2758 ut
926 2699 1012 2759 etiam
1029 2717 1044 2758 a
1060 2697 1151 2776 pluri·

251 2887 326 2934 1-2
344 2883 518 2945 termissione
603 2889 717 2949 quartus
736 2885 818 2936 ·VIlI·
837 2901 884 2935 om.
905 2900 928 2939 c.
986 2887 1001 2934 2
1021 2889 1152 2948 quattuor
1190 2909 1191 2926 t

182 2955 212 3014 d,
236 2957 354 3016 quatuor
372 2953 392 3006 f.
426 2948 438 3018 ll
472 2967 521 3002 sex
616 2957 679 3002 octo
776 2955 872 3004 decem
895 2952 924 3011 d,
945 2953 964 3007 f.
1034 2952 1152 3002 tinter-

182 3023 344 3076 mittunta.
364 3036 386 3072 s.
457 3019 616 3085 tiduplicet
632 3021 652 3073 f.
725 3021 811 3072 'lduo
831 3021 860 3084 d,
880 3020 903 3084 f,
924 3035 945 3073 s.
974 3017 986 3087 [Ι
1019 3024 1083 3069 sunt
1101 3020 1122 3072 f.
1139 3015 1150 3079 ll

185 3091 252 3140 duos
271 3091 302 3152 d,
322 3087 346 3152 f,
365 3105 391 3151 r,
412 3103 434 3140 s,
504 3091 519 3138 8
538 3091 671 3154 quattuor
689 3090 714 3143 d.
790 3089 866 3140 euti
883 3105 930 3143 om.
949 3088 974 3149 f,
996 3103 1090 3138 rasura
1109 3087 1150 3137 de·

182 3163 257 3209 letum
267 3159 286 3208 l.
303 3153 315 3226 ll
330 3158 493 3207 interminat
511 3163 537 3206 et
554 3173 635 3222 supra
651 3174 749 3208 uersum
760 3157 929 3208 intermittat
940 3172 961 3206 r.
1015 3159 1047 3207 10
1065 3156 1119 3206 ·VI·
1132 3153 1151 3203 f.
1190 3163 1191 3196 ῑ

184 3229 214 3276 11
235 3231 292 3277 tres
312 3242 339 3285 c,
359 3225 388 3288 d,
410 3225 429 3274 f.
505 3227 536 3275 12
555 3241 605 3276 sex
623 3241 650 3290 c,
670 3226 696 3277 d.
766 3228 798 3277 13
822 3224 927 3278 octod.
998 3226 1030 3274 14
1048 3222 1152 3288 prospi-

185 3295 354 3356 ciendum,
373 3293 596 3359 perspiciendum
609 3298 651 3344 est
663 3296 683 3348 s.
737 3296 769 3345 15
782 3293 903 3345 ordinem
916 3310 963 3345 om.
977 3309 1001 3342 c.
1055 3294 1087 3342 19
1099 3297 1151 3342 ter·
1190 3311 1191 3314 ¹

185 3365 240 3413 tius
265 3380 289 3416 a.
325 3359 336 3428 ll
371 3367 497 3426 quartum
520 3370 661 3412 correctum
682 3366 708 3414 in
731 3366 845 3428 quartus
865 3377 889 3414 a.
919 3356 930 3426 Η
963 3377 1013 3426 per
1032 3361 1104 3411 ·IIII·
1129 3373 1151 3406 c.
1190 3363 1191 3366 ’

185 3433 217 3482 25
235 3431 353 3496 ipsium.
371 3430 395 3494 l,
413 3432 633 3482 rasuradeletum
651 3431 677 3484 d.
735 3432 768 3480 28
787 3435 879 3482 autem
897 3445 943 3480 om.
963 3445 986 3482 c.
1045 3430 1077 3480 29
1094 3431 1152 3492 post
1190 3459 1191 3464 =

185 3499 311 3564 pluribus
330 3501 430 3550 addunt
446 3503 624 3550 numerentur
643 3497 672 3562 d,
691 3500 711 3548 l.
1190 3497 1191 3504 ’
