2398 3968
346 896 721 980 PRAEFATIO.

136 1265 263 1348 Decem
286 1285 355 1349 fere
377 1285 498 1351 abhinc
519 1308 620 1351 annos
644 1295 676 1352 et
699 1289 873 1373 scriptores
896 1289 1014 1354 latinos
1055 1295 1058 1302 ’
1161 1285 1169 1308 ⁴

47 1389 236 1474 cogniturus
271 1397 304 1452 et
339 1389 387 1451 rei
419 1387 667 1453 mathematicae
699 1391 865 1455 studiosus
899 1391 1015 1456 Boetio

45 1491 139 1577 coepi
162 1513 295 1578 operam
318 1490 396 1553 dare
411 1512 471 1554 nec
486 1491 587 1556 multo
609 1501 682 1578 post
705 1493 811 1556 acrius
834 1494 869 1556 in
891 1493 1013 1558 mathe-

45 1595 169 1658 matica
190 1593 339 1678 inprimis
364 1593 433 1656 eius
457 1615 555 1679 opera
583 1593 794 1658 incumbendi
816 1604 930 1659 auctor
952 1595 1015 1658 fuit

45 1696 129 1785 mihi
139 1693 338 1777 Halmius,
351 1694 394 1758 ad
405 1697 587 1762 accuratius
600 1696 859 1782 cognoscendam
870 1696 1014 1782 linguam

45 1787 181 1862 latinam
195 1796 272 1860 hinc
287 1819 414 1883 quoque
429 1797 667 1884 aliquantulum
678 1799 788 1862 afferri
802 1821 898 1884 posse
913 1809 1013 1863 ratus.

44 1901 143 1964 Prius
157 1908 268 1964 tamen
278 1898 375 1963 rebus
387 1899 601 1966 arithmeticis
615 1901 729 1965 utilem
744 1900 888 1966 fructum
898 1902 1013 1966 afferre

44 2025 97 2066 me
121 2021 218 2088 posse
239 2003 371 2088 putavi,
401 2025 548 2089 quaeque
570 2005 762 2068 inveneram
784 2001 909 2089 publici
932 2005 1012 2067 iuris

44 2105 109 2168 feci
131 2103 244 2168 libello
267 2104 308 2168 de
330 2104 437 2170 Boetii
459 2107 637 2191 geometria
661 2107 748 2171 edito
758 2107 795 2192 ¹).
834 2106 1013 2192 Opiniones

43 2228 133 2270 meas
156 2227 330 2290 aggressus
353 2217 402 2271 est
424 2209 477 2271 vir
498 2208 705 2272 doctissimus
720 2199 896 2270 Mauritius
913 2207 1013 2268 Oan-

43 2309 138 2396 tor2)
153 2330 271 2394 meque
285 2308 420 2395 inpulit,
445 2318 497 2390 ut,
522 2329 605 2394 quae
620 2309 727 2371 minus
742 2315 830 2370 recte
847 2305 887 2368 de
903 2305 1011 2371 Boetii
1101 2339 1102 2366 ;
1121 2289 1147 2402 js]
1189 2343 1191 2402 3

42 2421 113 2475 arte
135 2411 354 2475 ratiocinandi
377 2421 408 2476 et
431 2408 641 2495 computandi
663 2417 837 2491 statuerat,
861 2407 1012 2472 refellere

43 2534 183 2578 conarer
204 2515 404 2597 argumentis
435 2533 530 2598 quam
553 2513 696 2576 maxime
718 2511 814 2574 certis
824 2511 859 2592 3).
904 2511 1013 2573 Pauca
1100 2501 1144 2608 'st‘

41 2617 143 2679 etiarn
160 2614 201 2678 de
219 2617 397 2700 geometria
411 2614 519 2679 Boetii
541 2612 708 2701 procule),
732 2612 847 2700 quibus
864 2634 883 2674 a
898 2611 1012 2676 Boetio

40 2740 115 2782 eam
137 2717 318 2805 profectam
340 2740 405 2782 non
428 2738 499 2781 esse
522 2715 776 2803 comprobarem.

130 2959 151 3024 ¹)
173 2960 299 3018 Gerbert,
313 2959 357 3009 die
369 2959 524 3011 Geometrie
538 2957 587 3008 des
596 2957 730 3008 Boethius
743 2953 798 3006 und
811 2956 855 3006 die
868 2955 1012 3008 indischen

38 3045 156 3094 Ziffern.
193 3043 348 3108 Erlangen,
367 3044 483 3109 Bl'asing
501 3045 576 3095 1861.

126 3129 150 3194 ε)
171 3129 404 3180 Mathematische
416 3129 548 3194 Beitr'age
559 3119 624 3179 'zum
637 3126 820 3179 Kulturleben
839 3126 887 3176 der
899 3125 1010 3183 Volken

36 3213 138 3273 Helle,
160 3213 285 3264 Schmidt
305 3217 378 3266 1863.

125 3297 148 3364 3)
170 3298 333 3350 Zeitschrift
350 3300 394 3348 fiir
406 3300 593 3350 Mathematik
605 3298 661 3349 und
673 3295 786 3361 Physik,
800 3297 848 3354 IX,
863 3296 889 3346 S,
903 3296 1010 3354 73-95‚

36 3385 364 3448 145—171,297—330.
393 3387 431 3450 X,
452 3386 478 3435 S.
498 3385 651 3434 atr—282.

36 3553 61 3606 S.
85 3555 248 3607 425-427.

1106 3267 1109 3272 ·
1120 3253 1171 3296 zea.

1119 3351 1124 3356 ”
1131 3348 1146 3373 -Γ4
1155 3357 1160 3374 ι
1175 3336 1185 3361 l

1115 3369 1129 3392 ’ψ
1136 3374 1155 3401 'p
1162 3371 1166 3378 “
1184 3393 1185 3396 Ἰ

124 3467 148 3532 ⁴)
169 3469 246 3520 Neue
259 3467 431 3521 Jahrbiicher
449 3470 493 3521 fur
505 3467 660 3533 Philologie
678 3465 734 3516 und
746 3462 914 3527 pedagogis.
936 3463 1009 3510 1863.
1095 3433 1180 3551 13„
