2446 3964
373 202 466 254 ruer.
485 203 636 255 norrun.
656 205 694 270 11,
714 207 739 257 4.
1005 203 1045 267 87

4 347 5 396 3
63 373 165 435 tulam
182 373 296 450 lingant
312 373 349 434 de
366 375 423 448 ·V·,
445 373 491 434 vel
507 374 634 444 denarii,
657 393 744 452 quani
768 375 993 453 descripsimus
1017 376 1047 436 id

65 468 117 518 est
133 459 173 518 de
189 457 253 527 ·X·,
271 466 300 518 et
317 458 388 518 alias
404 458 571 519 huiusmodi
587 477 646 519 non
663 467 766 519 natura
783 463 888 538 posuit,
907 461 958 521 sed
975 479 1046 522 usus

63 543 207 602 adfinxit.
226 543 362 623 Quinque
379 545 455 604 enim
472 560 556 614 unos
573 543 618 604 vel
634 543 736 604 decem
753 543 797 603 vel
814 545 959 624 quotlibet
975 546 1046 608 alios

65 627 128 687 illis
160 627 269 688 notulis
295 646 351 708 pro
374 628 539 706 conpendio
569 636 672 690 notare
694 628 865 698 voluerunt,
897 649 950 700 ne,
975 639 1048 709 quot

4 775 5 780 ,
65 713 204 773 unitates
227 714 291 791 quis
313 721 479 774 monstrare
502 713 604 783 vellet,
632 715 739 773 totiens
758 715 785 774 ei
806 713 936 792 virgulae
956 716 1073 777 duee-5

66 807 192 860 rentur.
231 797 291 858 Nos
313 807 425 866 autem,
458 800 713 878 quotienscunque
740 795 852 877 aliquid
880 810 1047 860 monstrare

67 881 228 948 volumus,
251 883 279 940 in
296 883 342 942 his
359 883 536 959 praesertim
553 882 704 952 formulis,
728 882 931 944 ordinatarum
947 886 1046 962 virgu-

64 967 174 1026 larum
190 966 411 1028 multitudinem
433 985 492 1028 non
508 984 667 1044 gravamur
683 986 845 1046 apponere,
878 967 951 1029 Cum
968 969 1069 1029 enini*

63 1054 211 1129 quinque
227 1051 362 1112 volumus
378 1051 598 1122 demonstrare,
626 1053 749 1113 tacimus
770 1053 901 1132 quinque
920 1052 1048 1132 virgulas

64 1137 274 1214 ducimusque
291 1155 340 1198 eas
355 1137 412 1197 boc
428 1138 516 1198 modo
539 1137 626 1198 ·lllll·
645 1145 673 1197 et
689 1156 755 1198 curn
773 1145 897 1215 septem,
914 1139 1044 1208 totidem,
1061 1155 1086 1197 1o
1121 1124 1145 1184 4

65 1229 191 1282 etcum
213 1221 331 1292 decem,
356 1222 448 1283 nihilo
471 1224 584 1290 minus,
609 1224 677 1298 quia
699 1222 863 1284 naturalius
886 1231 929 1284 est
944 1241 1047 1301 quem·

65 1306 146 1368 libet
164 1323 338 1376 numerum,
362 1315 486 1383 quantas
507 1311 538 1367 in
562 1327 593 1368 se
615 1309 737 1377 retinet,
762 1315 804 1368 tot
819 1307 980 1370 unitatibus
996 1309 1046 1370 ad·

4 1383 5 1404 ¹
65 1395 197 1468 signare
220 1409 307 1467 quam
337 1392 455 1452 notulis¹
493 1392 544 1452 Est
564 1393 655 1470 igitur
675 1393 771 1453 unitas
793 1394 886 1454 tieem
909 1389 1059 1455 obtinens'

65 1476 197 1558 puncti,
227 1475 371 1536 intervalli
393 1475 647 1557 longitudinisque
673 1478 865 1557 principium;
894 1480 956 1557 ipsa
978 1497 1047 1539 vero

66 1580 128 1623 nec
148 1559 295 1620 intervalli
310 1579 366 1620 neo
381 1560 572 1638 longitudinis
585 1580 690 1640 capax,
707 1562 955 1640 quemadmodum
972 1581 1047 1640 pun·
1061 1583 1086 1624 u

65 1657 155 1707 ctum
173 1646 352 1723 principium
365 1646 483 1724 quidem
498 1645 595 1707 lineae
610 1655 653 1708 est
671 1653 757 1725 atque
772 1645 931 1715 intervalli,
948 1650 1046 1726 ipsum

65 1748 145 1792 vero
178 1747 237 1790 nee
257 1729 443 1792 intervallum
468 1749 523 1792 neo
543 1730 631 1792 linea.
674 1733 776 1808 Neque
798 1733 876 1792 enirn
903 1739 1046 1809 punctum

4 1857 6 1932 p
66 1822 189 1895 puncto
211 1817 432 1892 superpositum
458 1815 549 1877 ullum
579 1818 667 1877 eflicit
691 1815 891 1888 intervallum,
923 1817 1001 1878 velut
1023 1820 1048 1880 si

66 1899 149 1960 nibil
168 1897 241 1960 nulli
256 1901 369 1975 iungas.
401 1900 479 1962 Nihil
496 1903 573 1962 enim
591 1910 648 1970 est,
666 1901 746 1980 quod
762 1920 797 1962 ex
813 1901 961 1962 nullorum
978 1921 1046 1980 pro-

4 1983 6 2040 l
65 1985 229 2046 creatione
245 1991 390 2045 nascatur.
428 1985 537 2046 Eadem
560 1989 668 2066 quippe
685 1989 772 2047 etiam
789 1988 868 2047 cirea
889 1987 1047 2064 aequalita·
1062 2019 1087 2059 20

4 2069 5 2104 ἕ
66 2081 117 2133 tes
145 2069 304 2148 proportio
331 2076 438 2130 manet.
470 2071 543 2131 Nam
570 2072 594 2130 si
621 2071 765 2148 quotlibet
792 2071 902 2131 luerint
929 2074 1047 2133 termini
1152 2097 1157 2108 ’

66 2174 181 2236 pares,
206 2161 320 2213 tantum
344 2154 463 2233 quidem
486 2165 529 2216 est
551 2175 566 2216 a
587 2159 684 2234 primo
706 2156 742 2216 ad
759 2156 938 2225 seeundum,
954 2173 1047 2234 qnan-

4 2247 6 2318 l
67 2251 135 2301 tum
163 2257 180 2298 a
201 2239 334 2300 secundo
357 2240 393 2300 ad
414 2241 549 2306 tertium,
571 2241 622 2301 sed
643 2243 721 2300 inter
742 2241 872 2317 primum
894 2248 924 2299 et
944 2257 1047 2299 secun-

67 2327 144 2386 dum
170 2322 217 2383 vel
238 2323 401 2385 secundum
426 2334 455 2385 et
474 2327 595 2386 tertium
617 2324 696 2384 nulla
719 2331 763 2383 est
785 2324 932 2384 intervalli
952 2323 1048 2402 longi-

66 2411 146 2470 tudo
165 2407 212 2470 vel
229 2390 414 2487 spatiumsSi
430 2412 507 2470 enim
524 2418 586 2470 tres
602 2409 734 2470 senarios
749 2426 856 2488 ponas,
872 2409 930 2469 boe
942 2410 1045 2471 modo:
1061 2441 1086 2481 25

67 2496 119 2556 Vl.
144 2493 194 2554 Vl.
215 2493 260 2554 Vl.
284 2494 534 2570 quemadmodum
557 2494 669 2573 primus
686 2501 730 2554 est
749 2492 784 2553 ad
802 2494 982 2564 secundum,
1005 2499 1047 2556 sic
1105 2521 1130 2566 q

4 2611 8 2686 q
68 2587 117 2641 est
132 2578 289 2666 secundus
309 2578 343 2640 ad
366 2581 501 2650 tertium,
524 2580 573 2640 sed
595 2579 673 2639 inter
692 2581 822 2657 primuni
841 2589 868 2640 et
884 2581 1046 2641 secundum

4 2713 11 2774 l

4 2783 6 2868 l
142 2818 158 2866 1
180 2814 216 2864 fin
240 2813 298 2882 ant]
320 2817 344 2866 si
365 2822 432 2866 nant
452 2833 477 2879 a,
491 2815 514 2878 l,
528 2831 553 2877 s;
572 2816 678 2882 fingant
696 2825 721 2866 et
736 2833 817 2882 supro
834 2833 931 2867 aereum
951 2816 980 2866 al
993 2817 1047 2881 sig·

4 2935 6 2952 ‚
68 2889 143 2934 nent
164 2883 192 2932 b.
217 2831 238 2948 l?
253 2882 285 2934 de
305 2832 364 2950 ·Vff
379 2884 407 2933 id
426 2888 469 2934 est
488 2884 526 2932 ·V·
547 2884 566 2932 f.
591 2881 603 2950 ΙΙ
625 2882 680 2950 vel]
701 2885 780 2934 etde
804 2881 816 2951 ῙΙ
839 2884 868 2933 id
888 2890 930 2933 est
945 2885 1048 2947 paractis

4 2959 6 2994 l
69 2950 282 3005 mbnotatumb.
352 2950 422 3000 ide
441 2949 495 3018 ·X.]
518 2951 552 3001 de
570 2968 617 3002 om.
638 2968 663 3016 a,
683 2952 709 3016 d,
730 2953 748 3002 f.
779 2949 791 3018 ll
818 2953 925 3017 possuit
943 2963 965 3014 r,
985 2967 1047 3016 pos-

70 3025 138 3069 sunt
157 3035 231 3068 corr.
250 3021 387 3084 inposuit
406 3035 430 3068 a.
530 3022 545 3070 3
566 3019 661 3069 adfixit
679 3017 705 3068 d.
730 3016 742 3086 Η
765 3019 843 3083 unos]
863 3021 902 3070 ·V·
921 3023 988 3069 nota
1007 3019 1026 3069 f.
1040 3016 1048 3082 ll

69 3088 117 3137 vel
137 3087 238 3136 decem
257 3088 297 3136 ·X·
316 3089 336 3149 f,
356 3087 378 3148 l;
398 3090 424 3136 in
442 3089 555 3152 margine
574 3103 599 3148 r;
618 3087 664 3138 vel
684 3089 723 3136 ·X·
743 3103 768 3152 a,
789 3089 816 3149 b,
836 3103 859 3147 c,
880 3102 902 3136 a.
926 3084 937 3152 ll
962 3087 1046 3152 quod-

4 3143 5 3164 *
70 3156 146 3206 libet
166 3170 192 3215 1·;
215 3155 339 3217 quolibet
357 3171 425 3208 corr.
444 3157 471 3205 in
490 3155 631 3219 quoslibet
643 3171 668 3205 a.
721 3152 826 3220 dquot]
843 3156 970 3219 quotiens
985 3155 1002 3217 l,
1018 3169 1046 3216 s;

71 3225 152 3287 quoti
174 3229 200 3271 et
216 3237 298 3286 supro
315 3239 413 3273 veroum
431 3239 479 3273 ens
498 3239 523 3284 r;
548 3227 613 3287 quot
630 3225 731 3288 punctio
748 3223 907 3273 subnotatum
925 3231 951 3272 et
968 3239 1049 3286 supro

71 3307 176 3341 vermem
195 3287 226 3340 al
244 3291 370 3354 quotiens
388 3292 414 3344 b.
484 3291 602 3342 bloties
620 3308 642 3352 r,
662 3307 683 3340 s.
754 3292 1006 3355 oquotieseunque
1025 3306 1046 3353 r,

4 3395 6 3424 ,
73 3375 99 3420 s;
120 3359 253 3424 quotiens
273 3358 298 3416 d,
318 3359 336 3407 f.
407 3360 576 3409 9l'aeiemus
596 3359 620 3420 f,
640 3359 757 3409 facimus
775 3361 801 3407 in
820 3361 897 3408 litura
915 3374 935 3409 r.
962 3354 976 3423 Η
1008 3357 1047 3406 ·V·

71 3443 97 3487 a,
110 3443 133 3488 r,
149 3441 173 3478 s.
211 3427 243 3476 1o
262 3425 447 3492 ducemusque
461 3427 480 3477 f.
502 3423 514 3492 ΙΙ
528 3427 596 3477 ·VII·
615 3443 641 3490 a,
657 3442 681 3488 c,
694 3442 717 3490 r,
732 3442 753 3476 s.
797 3428 826 3475 lt
841 3425 881 3473 ·X·
895 3442 921 3486 a,
936 3441 960 3487 o,
973 3440 993 3482 r,
1006 3439 1027 3475 s.
1040 3420 1048 3484 ll

71 3490 263 3613 {giafflquam
281 3509 334 3612 ew
360 3498 397 3612 13t
410 3495 557 3560 designare
578 3511 612 3567 a,
633 3509 662 3556 c,
681 3509 707 3555 r,
727 3509 747 3543 s.
834 3495 867 3542 22
891 3497 933 3540 est
955 3507 1002 3540 om.
1022 3504 1046 3536 e.

124 3589 129 3598 ·
181 3577 231 3613 ·c.
355 3578 383 3613 es
415 3580 461 3614 om.
483 3577 548 3627 a‚s.
