2426 4002
19 106 27 406 f
114 350 120 365 ⁸
366 283 631 337 1ΝεΤ.ΑεΙΤΗΜ,
651 284 678 348 1,
698 287 720 334 1.
990 285 1027 347 11

68 456 238 517 nominativa
264 455 352 514 sunt?
397 456 433 516 At
452 473 523 516 vero
547 455 571 514 si
591 454 768 535 quadratum
788 455 1028 536 triangulumque

67 541 214 602 sustuleris
245 541 401 618 omnisque
430 541 592 618 geometria
623 549 794 619 consumpta
825 542 878 610 sit,
909 549 970 602 tres
1001 551 1030 603 ει

65 634 197 704 quattuor
218 623 405 704 aliorumque
426 643 619 687 numerorum
642 624 782 686 vocabula
804 644 862 686 non
878 625 1028 707 peribunt.

66 711 170 772 Rursus
187 728 256 770 cum
273 708 401 788 aliquam
417 713 629 788 geometricam
645 712 771 772 formam
787 711 905 783 dixero,
928 721 973 774 est
987 712 1030 774 illi

66 795 146 858 simul
172 813 369 856 numerorum
396 811 505 856 nomen
525 796 707 876 inplicitum:
736 813 803 857 oum
825 814 965 858 numeros
986 799 1055 859 aii-5

19 915 21 966 q
66 899 139 952 raro,
156 879 290 942 nondum
306 879 397 940 ullam
413 879 539 942 formam
555 883 767 960 geometricam
783 883 940 942 nominavi.
965 883 1029 944 blu-

20 967 21 988 ¹
65 967 115 1026 sioa
137 984 209 1027 vero
230 983 320 1043 quam
341 966 425 1045 prior
451 967 489 1026 sit
510 984 705 1060 numerprum
726 966 784 1035 vis,
812 966 881 1027 hino
902 969 1029 1028 maxime

19 1091 22 1166 q
63 1051 178 1130 probari
199 1059 313 1130 potest,
340 1050 419 1127 quod
441 1067 499 1111 nou
523 1051 611 1112 modo
632 1050 681 1112 illa
701 1058 807 1112 natura
828 1053 926 1133 priora
951 1061 1028 1120 suut,

65 1155 132 1214 quae
147 1153 204 1217 per
219 1155 252 1196 se
268 1143 419 1205 constant,
438 1152 527 1213 quam
542 1135 605 1206 illa,
626 1154 701 1215 quae
717 1135 753 1196 ad
769 1136 879 1216 aliquid
894 1137 1029 1198 referun-

62 1229 112 1282 tur.
159 1220 220 1283 Sed
247 1221 333 1281 etiam
361 1239 394 1281 ea
421 1222 483 1300 ipsa
509 1223 621 1282 musica
648 1220 809 1283 modulatio
836 1239 1029 1283 numerorum
1044 1243 1068 1281 10

63 1306 231 1368 nominibus
247 1305 419 1375 adnotatur,
437 1313 466 1366 at
481 1306 558 1367 idem
574 1309 605 1366 in
621 1306 677 1367 hae
693 1309 811 1368 evenire
826 1316 931 1386 potest,
949 1307 1028 1386 quod

62 1393 87 1450 in
106 1392 272 1471 geometria
299 1389 483 1469 praedictum
505 1400 558 1452 est.
608 1392 794 1453 Diatessaron
818 1394 896 1453 enim
918 1402 946 1454 et
967 1391 1028 1452 dia·
1094 1427 1100 1440 ·

61 1486 145 1554 pente
161 1485 191 1537 et
208 1475 350 1555 diapason
366 1475 403 1535 ab
419 1476 619 1538 antecedentis
634 1477 751 1538 numeri
767 1478 937 1539 nominibus
953 1495 1028 1538 nun-

19 1551 23 1634 ἓ
61 1570 212 1642 cupantur.
259 1559 395 1640 Ipsorum
424 1579 542 1641 quoque
569 1579 711 1623 sonorum
739 1560 881 1623 adversus
906 1580 938 1622 εε
959 1580 1029 1641 pro-

19 1643 23 1771 *ἱ
61 1650 154 1724 portio
185 1645 258 1706 solis
287 1663 383 1724 neque
413 1645 477 1705 aliis
507 1647 639 1707 numeris
665 1647 822 1707 invenitur.
867 1645 922 1714 Qui
950 1648 1028 1707 enim
1043 1665 1067 1704 15

21 1778 22 1786 ,
60 1747 147 1795 sonus
169 1734 201 1791 in
217 1731 359 1810 diapason
376 1730 550 1810 symphonia
578 1739 634 1802 est,
662 1731 740 1793 idem
762 1731 887 1811 duplicis
913 1735 1028 1792 numeri

61 1819 254 1898 proportione
281 1814 443 1894 colligitur;
476 1835 551 1894 quae
579 1816 763 1878 diatessaron
786 1825 830 1877 est
857 1815 1026 1884 modulatio,

20 1963 23 1988 ¹
59 1904 173 1980 epitrita
202 1900 369 1961 conlatione
390 1904 598 1981 componitur;
621 1920 707 1981 quam
730 1901 867 1982 diapente
890 1902 1028 1982 sympho-

59 1989 273 2056 mammeam,
294 1985 431 2047 hemiolia
447 1986 604 2048 medietate
620 1988 825 2065 coniungitur3
849 1989 899 2065 qui
920 1989 949 2048 in
972 2004 1028 2047 nu·

59 2074 143 2134 meris
160 2070 314 2152 epogdous
331 2077 387 2140 est,
409 2071 487 2132 idem
502 2079 591 2133 tonus
606 2073 636 2132 in
653 2073 779 2140 musica,
804 2081 833 2133 ει
852 2089 891 2133 ue
913 2070 1028 2150 singula
1042 2090 1067 2128 20

57 2159 194 2238 persequi
217 2154 366 2225 laborem,
395 2155 483 2216 huius
506 2158 605 2236 operis
626 2159 792 2236 sequentia,
815 2164 925 2233 quanto
945 2157 1029 2235 prior

56 2244 91 2302 sit
105 2242 297 2304 arithmetica
319 2243 383 2302 sine
403 2240 462 2302 ulla
478 2241 661 2304 dubitatione
676 2240 863 2302 monstrabit.
908 2241 1029 2319 Spheri·

59 2346 121 2389 cam
136 2345 210 2388 vero
226 2333 316 2404 atque
330 2327 540 2386 astronomiam
555 2333 637 2386 tanto
654 2324 814 2404 praecedit
831 2332 942 2401 quanto
953 2325 1028 2386 duae

58 2412 189 2492 reliquae
212 2409 384 2490 disciplinae
404 2410 481 2471 hane
497 2412 615 2472 tertiam
632 2417 737 2470 natura
758 2409 950 2489 praecedunt.
995 2409 1029 2470 ln

57 2497 237 2559 astronomia
259 2497 338 2556 enini
360 2491 479 2565 circuli,
507 2496 630 2576 sphera,
652 2503 805 2566 centrum,
835 2493 1028 2574 parallelique
1042 2512 1067 2551 as

56 2582 160 2645 circuli
175 2581 353 2659 mediusque
368 2582 430 2641 axis
447 2588 500 2648 εει,
521 2599 597 2659 quac
612 2581 711 2640 omnia
728 2581 926 2658 geometricae
942 2580 1028 2644 disci-

58 2666 154 2744 plinae
171 2683 264 2728 curae
279 2673 356 2728 sunt.
403 2666 501 2738 Quare
522 2673 566 2726 est
583 2667 668 2726 etiam
685 2684 720 2726 ex
736 2665 793 2725 boc
809 2665 967 2727 ostendere
983 2683 1028 2724 se·

56 2754 169 2814 niorem
200 2751 383 2830 geometriae
413 2752 484 2820 vim,
527 2751 604 2830 quod
636 2752 732 2812 omnis
762 2759 860 2811 motus
890 2759 935 2810 est
963 2758 1030 2829 post

56 2840 186 2913 quietem
204 2844 234 2898 et
250 2843 355 2896 natura
370 2853 488 2916 semper
503 2837 588 2897 statio
607 2838 690 2916 prior
706 2845 765 2907 εει,
787 2834 942 2896 mobilium
958 2852 1028 2896 vero
1078 2897 1081 2901 ,

20 1169 22 1195 l

20 1199 22 1216 r

21 2995 24 3080 l,
121 3028 137 3075 2
157 3023 333 3088 geometrica
352 3038 383 3087 a,
401 3037 430 3084 c,
449 3021 479 3084 d,
499 3037 526 3083 s;
546 3026 573 3072 in
589 3022 627 3074 lc
644 3039 738 3073 rasura
756 3017 898 3087 deletumfl
915 3021 982 3072 -111·
1001 3025 1030 3070 et

19 3080 24 3153 l
59 3090 301 3154 ·1111-a,e,1‚s.
355 3093 444 3141 3non
462 3091 592 3155 peribunt
609 3090 748 3142 vocabula
767 3106 791 3142 e.
846 3090 984 3139 4rursum
1002 3105 1027 3149 a,

20 3169 82 3222 iq,
107 3161 127 3210 f.
202 3161 235 3210 10
253 3157 405 3208 modulatio
423 3159 529 3209 musica
552 3159 571 3208 f.
643 3161 674 3208 12
693 3154 865 3224 geometrica
888 3173 918 3219 a,
945 3172 974 3221 c,
997 3156 1028 3218 εἰς

57 3229 212 3291 geometria
230 3229 256 3276 in
274 3226 394 3288 litora13
413 3227 439 3276 in
457 3241 470 3277 s
489 3243 617 3278 erasure
635 3229 754 3278 deletum.
811 3227 842 3276 13
861 3225 1029 3276 anteceden-

57 3295 128 3346 tibus
149 3311 179 3358 ε,
199 3311 221 3344 r.
276 3296 308 3344 ta
345 3295 468 3360 roportio
487 3311 513 3344 e.
566 3295 598 3344 18
617 3295 816 3356 modulatione,
835 3310 916 3358 supra
933 3307 1030 3343 uersum

19 3357 20 3368 ¹
54 3361 66 3412 l
82 3364 248 3415 conlatione
266 3378 288 3414 r.
317 3309 343 3429 ll]
359 3365 525 3429 componito
547 3359 560 3430 ΙΙ
583 3363 746 3429 symphonia
763 3377 790 3410 m
802 3377 895 3412 rasura
907 3363 990 3412 deleto
1004 3375 1028 3409 ε.

56 3433 85 3480 19
105 3431 293 3496 coniungite.
347 3433 380 3483 20
398 3431 538 3498 epogdous
558 3446 580 3481 ε.
638 3434 671 3484 23
689 3431 903 3481 astronomicam
921 3445 946 3490 a,
966 3429 985 3491 f,
1005 3427 1028 3490 13

53 3499 397 3551 iadorasuradeletum.
468 3502 501 3550 st
526 3515 591 3550 cura
617 3517 647 3564 ε,
669 3500 700 3564 b,
724 3514 796 3561 c‚r‚
820 3513 842 3548 s.
911 3499 943 3546 28
964 3511 1029 3560 geo·

55 3570 192 3621 metricae
207 3583 236 3630 ε,
251 3567 281 3630 d,
295 3566 319 3628 l,
333 3583 359 3631 r,
373 3582 395 3618 s.
465 3570 498 3619 29
516 3573 591 3619 statu
610 3585 635 3631 a,
655 3583 735 3630 supro
748 3581 844 3616 versum
856 3580 879 3618 a.
898 3567 972 3612 motu
985 3563 1002 3610 b
1015 3562 1028 3622 ll

54 3644 112 3694 post
129 3641 176 3716 est
193 3637 270 3687 addit
286 3641 362 3687 motu
379 3651 401 3686 ε.
