2426 4002
177 120 197 185 8
490 119 582 171 mer.
600 118 753 172 norrun.
771 119 798 183 1,
811 121 842 202 ¹1.

178 304 236 362 tur,
254 291 471 370 conprehensio
486 291 625 352 veritatis.
649 290 722 350 Esse
737 297 836 350 autem
851 286 900 350 illa
916 288 1055 359 dicimus,
1074 307 1160 368 quae

180 395 234 438 nec
249 378 412 438 intentione
424 384 562 437 crescunt
574 393 629 436 uec
644 374 824 436 retractione
836 373 1011 436 minuuntur
1025 391 1083 436 nec
1099 393 1157 436 va·

179 461 354 523 riationibns
374 469 596 540 permutantur,
623 461 725 520 sedin
746 460 868 539 propria
889 477 1009 537 semper
1029 460 1057 518 vi
1078 477 1160 522 suae

179 566 211 606 se
232 554 356 606 naturae
377 545 516 607 subsidiis
537 546 605 606 nixa
627 544 807 606 custodiunt.
857 543 938 605 Haec
960 550 1058 606 autem
1081 555 1161 606 sunt

153 649 166 687 s
180 630 348 710 qualitates,
371 633 563 709 quantitates,
585 629 714 696 lormae,
731 628 966 708 magnitudines,
981 630 1159 706 parvitates

179 715 385 796 aequalitates,
408 714 609 784 habitudines,
625 722 723 783 actus,
740 715 962 793 dispositiones,
977 711 1059 784 loca,
1074 725 1159 775 tem-

178 819 251 881 pora
267 810 298 863 et
311 799 448 881 quicquid
466 799 625 861 adunatum
641 798 860 878 quodammodo
876 796 1053 878 corporibus
1068 800 1159 861 inve·

116 904 119 910 ·
178 889 273 958 nitur,
294 905 371 964 qnae
393 886 455 962 ipsa
472 885 590 964 quidam
609 892 714 945 natura
729 886 906 962 incorporea
923 889 993 946 sunt
1008 890 1038 946 et
1050 884 1159 946 inmu·

177 971 259 1032 rabili
275 971 454 1032 substantiae
469 970 583 1030 ratione
598 971 739 1048 vigentia,
755 969 982 1048 participatione
996 986 1067 1029 vero
1082 988 1159 1030 cor-

139 1076 165 1114 10
179 1058 259 1136 poris
287 1063 495 1135 permutantur
525 1063 555 1114 et
578 1062 657 1116 tactu
684 1053 833 1116 variabilis
859 1055 904 1116 rei
930 1052 1159 1116 invertibilem

177 1140 406 1202 inconstantiam
421 1147 585 1202 transeunt.
625 1139 704 1202 llaec
719 1141 809 1217 igitur
825 1139 974 1218 quoniam,
991 1145 1023 1198 ut
1038 1137 1158 1200 dictum

178 1234 236 1294 est,
258 1232 364 1285 natura
385 1223 592 1285 inmutabilem
608 1223 800 1285 substantiam
816 1225 933 1303 vimque
949 1224 1053 1283 sortita
1068 1235 1155 1296 sunt,

177 1328 247 1370 vere
274 1310 455 1389 proprieque
482 1325 545 1368 esse
572 1309 722 1369 dicuntur.
771 1307 886 1369 Horum
909 1308 1013 1386 igitur,
1040 1307 1158 1382 idest,

178 1412 254 1472 quae
275 1403 345 1454 sunt
366 1395 488 1472 proprie
511 1411 647 1471 quaeque
673 1411 727 1454 suo
748 1395 868 1454 nomine
889 1393 1033 1454 essentiae
1053 1397 1158 1455 nomi·
1197 1423 1198 1476 p

139 1497 164 1535 ra
179 1488 303 1548 nantur,
325 1479 479 1539 scientiam
500 1479 643 1557 sapientia
662 1479 826 1557 profitetur.
876 1477 1029 1540 Essentiae
1050 1485 1158 1541 autem

178 1566 313 1642 geminae
328 1569 429 1642 partes
445 1571 528 1633 sunt,
551 1581 609 1624 una
625 1565 765 1624 contiuua
781 1571 810 1623 et
823 1562 885 1624 suis
899 1562 1034 1640 partibus
1048 1564 1158 1626 iuncta

178 1667 232 1709 nec
259 1648 327 1710 ullis
347 1647 454 1708 finibus
475 1647 647 1718 distributa,
673 1655 706 1708 ut
727 1656 774 1709 est
792 1646 883 1708 arbor
903 1646 978 1726 lapis
999 1655 1029 1708 et
1049 1651 1158 1710 omnia

177 1732 279 1794 mundi
299 1732 388 1793 buius
410 1750 552 1810 corpora,
574 1750 650 1812 quae
670 1734 793 1813 proprie
813 1731 1030 1810 magnitudines
1047 1733 1157 1810 appel·
1197 1757 1198 1800 t

177 1817 285 1879 lantur.
330 1814 393 1877 Alia
415 1834 486 1876 vero
509 1815 654 1876 disiuncta
676 1837 691 1878 a
709 1835 741 1877 se
757 1825 786 1876 et
801 1817 994 1877 determinata
1014 1817 1159 1894 partibus

138 1919 163 1957 ao
178 1910 206 1962 et
227 1902 311 1979 quasi
330 1901 488 1962 acervatim
509 1902 540 1960 in
560 1918 652 1962 unum
680 1901 801 1962 redacta
822 1898 994 1968 concilium,
1023 1908 1055 1960 ut
1074 1919 1158 1979 grex

177 1985 304 2066 populus
339 1985 449 2046 chorus
484 2003 609 2046 acervus
642 1993 670 2045 et
702 1985 857 2065 quicquid,
893 2001 1020 2064 quorum
1047 1994 1159 2062 partes
1197 2035 1198 2068 ,

176 2072 305 2151 propriis
335 2069 569 2132 extremitatibus
598 2071 794 2130 terminantur
824 2077 853 2130 et
878 2069 915 2129 ab
940 2066 1062 2130 alterius
1090 2070 1158 2136 line
1197 2069 1198 2108 ³

177 2157 322 2218 discretae
338 2162 415 2218 sunt.
446 2155 500 2216 llis
514 2157 672 2234 proprium
687 2171 797 2224 nomen
813 2163 858 2215 est
872 2152 1040 2217 multitudo.
1070 2153 1157 2216 Rur-

177 2261 227 2304 sus
248 2241 442 2303 multitudinis
463 2239 519 2300 alia
535 2245 604 2300 sunt
618 2257 673 2318 per
693 2257 740 2309 se,
764 2246 794 2300 ut
810 2246 870 2300 tres
885 2238 932 2300 vel
946 2247 1087 2318 quattuor
1103 2241 1156 2302 vel
1197 2242 1198 2320 l

138 2344 163 2382 es
176 2333 349 2404 tetragonus
369 2326 415 2389 vel
437 2325 561 2404 quilibet
580 2343 736 2395 numerus
759 2325 809 2403 qui
830 2331 862 2384 ut
877 2324 915 2384 sit
929 2322 1009 2384 nullo
1025 2322 1152 2402 indiget.
1197 2363 1198 2406 p

176 2411 240 2471 Alia
256 2429 327 2472 vero
342 2429 397 2490 per
412 2429 443 2471 se
459 2413 523 2491 ipsa
540 2428 599 2471 non
615 2418 767 2479 constant,
788 2409 839 2470 sed
859 2409 895 2470 ad
912 2407 1051 2487 quiddam
1068 2408 1154 2470 aliud
1197 2438 1198 2486 r

177 2496 364 2562 referuntur,
380 2503 412 2555 ut
427 2495 561 2575 duplum,
584 2504 618 2555 ut
633 2495 801 2566 dimidium,
824 2501 857 2555 ut
872 2491 1087 2572 sesqualterum
1103 2496 1156 2555 vel

177 2581 397 2659 sesquitertium
419 2587 447 2640 et
462 2580 602 2660 quicquid
623 2579 680 2641 tale
697 2587 755 2649 est,
779 2580 874 2656 quod,
896 2579 952 2638 nisi
969 2577 1095 2638 relatum
1111 2582 1156 2639 sit
1197 2574 1198 2644 Ξ

178 2664 213 2724 ad
236 2663 330 2733 aliud,
353 2665 449 2741 ipsum
471 2683 535 2726 esse
556 2682 616 2724 non
636 2665 738 2744 possit.
783 2663 991 2742 Magnitudinis
1006 2679 1076 2723 vero
1092 2662 1155 2724 alia
1197 2655 1198 2720 l

139 2763 164 2802 so
179 2756 248 2807 sunt
269 2748 416 2808 manentia
438 2758 581 2830 motuque
602 2751 747 2818 carentia,
773 2747 829 2809 alia
845 2765 928 2817 vero,
953 2765 1030 2824 quae
1045 2745 1155 2808 mobili

177 2849 296 2910 semper
315 2834 461 2894 rotatione
483 2841 637 2894 vertuntur
659 2851 713 2894 nec
735 2832 801 2894 ullis
822 2831 1006 2909 temporibus
1028 2831 1154 2909 adquie·
1197 2873 1198 2912 p

246 2986 311 3034 3se
328 2985 357 3035 vi
375 3000 442 3036 suae
461 3001 486 3036 a.
540 2986 747 3037 8inmntabilis
765 2984 832 3049 d‚l;
852 2999 864 3033 s
883 2999 919 3034 eac
936 3000 1005 3035 corr.
1059 2985 1091 3034 10
1109 2984 1156 3034 in-
1197 2947 1198 2984 ἲ

177 3051 335 3102 restibilem
348 3069 374 3102 a.
429 3055 460 3103 12
479 3056 633 3104 sortiuntur
652 3052 743 3118 (cupra
760 3067 870 3104 versum:
889 3051 1014 3102 lsortita
1032 3050 1109 3114 sunt)
1130 3068 1154 3104 s.

178 3120 210 3168 15
231 3134 312 3182 supro
331 3121 490 3172 scientiam:
518 3138 625 3187 quoque
649 3139 674 3172 a.
755 3122 785 3170 ll
810 3121 891 3170 arbos
914 3120 941 3171 b.
1013 3120 1045 3169 18
1067 3119 1156 3172 buius
1197 3125 1198 3188 l

178 3187 271 3234 mundi
293 3187 313 3236 f.
382 3191 416 3240 20
434 3191 620 3243 coacervatim
643 3190 668 3254 f,
692 3205 718 3251 ες
747 3189 900 3239 acervatim
922 3187 1021 3252 syllaba
1045 3201 1078 3236 co
1103 3191 1155 3239 ad·
1197 3235 1198 3244 ,

176 3255 352 3373 {illicita
370 3259 403 3374 {¹
422 3273 503 3376 wil
521 3257 736 3377 tltttttlstt.
749 3271 841 3374 tlt
860 3255 1110 3374 ‘’3⁶1⁵ldiilll’
1126 3257 1156 3374 ἓ·
1197 3249 1198 3326 ³

178 3387 198 3450 f,
213 3403 234 3437 s.
261 3405 341 3454 supra
358 3361 479 3444 ratione:
499 3343 550 3444 gili
567 3392 707 3444 rotatione
725 3361 752 3455 b,
767 3407 780 3442 r
795 3387 807 3457 ll
824 3360 967 3442 uertuntur
985 3389 1012 3453 d,
1024 3406 1047 3440 r.
1099 3360 1154 3442 'aeds

178 3456 321 3519 quiescant
339 3458 370 3524 d,
388 3475 409 3510 r.
693 3471 694 3475 ’
