2426 4002
178 125 223 192 20
484 127 584 194 [ruer.
604 127 847 195 amrumrrpe.

247 300 310 361 Hoc
326 317 444 378 quoque
460 297 551 360 multa
567 299 803 360 consideratione
824 299 975 380 multaque
991 305 1156 363 constantia
1195 301 1196 346 3

180 386 341 446 divinitatis
357 384 523 463 perlectum
540 392 599 454 est,
621 394 655 446 ut
678 384 835 445 ordinatim
848 383 1008 464 dispositae
1023 388 1157 448 minores
1195 387 1196 444 3

182 488 316 532 summae
338 472 368 530 in
390 469 449 530 hoc
464 487 590 531 numero
607 476 636 530 et
657 487 747 548 super
762 487 794 530 se
809 471 888 550 ipsas
904 479 1096 532 coacervatae
1111 492 1157 534 se·
1195 471 1196 540 J

182 556 284 635 quenti
299 557 398 616 minus
414 573 474 615 uno
489 572 610 632 semper
626 563 800 632 aequentur.
833 554 864 614 Si
885 557 963 615 enim
980 575 1073 618 unum
1090 557 1156 618 iun·
1195 563 1196 606 ἕ

153 653 168 694 s
183 659 235 720 gas
250 640 313 709 his,
331 642 383 719 qui
398 647 571 719 sequuntur,
588 638 718 708 duobus,
735 641 809 701 liunt
826 639 894 710 ·lll·,
910 640 941 699 id
958 649 1011 710 est,
1029 642 1082 720 qui
1093 661 1156 703 uno
1195 635 1196 716 1

182 727 280 786 minus
301 727 492 804 quaternario
515 724 635 795 cadant,
659 731 688 785 et
704 726 728 786 si
743 724 948 804 superioribus
964 725 1054 786 addas
1071 726 1156 797 ·llll·,

181 820 251 872 sunt
267 809 353 881 ult,
381 811 431 888 qui
447 809 483 870 ab
500 809 652 870 octonario
669 819 812 889 sequente
827 809 888 870 sola
904 811 1016 872 unitate
1032 813 1157 873 riccun-

104 924 106 932 ’
181 906 241 957 tur.
272 895 330 956 Sed
359 897 384 954 si
411 895 532 956 eosdem
555 892 648 955 ·Vlll·
666 895 843 973 supradictis
859 895 1044 964 adiunxeris,
1070 896 1157 956 ·XV·
1195 965 1196 992 1

182 982 266 1050 fient,
284 982 334 1060 qui
346 998 400 1060 par
417 979 501 1040 ·XVl·
516 981 633 1040 numeri
646 981 787 1040 existeret
801 981 970 1057 quantitati,
988 981 1045 1041 nisi
1056 983 1159 1044 minor

143 1068 279 1127 munitas
300 1065 456 1146 inpediret.
488 1065 551 1127 Hoc
572 1071 669 1126 autem
691 1067 787 1144 prima
804 1065 889 1125 etiam
914 1067 1032 1126 numeri
1046 1084 1159 1146 proge-

182 1154 247 1212 nies
267 1160 365 1212 servat
386 1157 474 1230 atque
496 1149 634 1211 custodit.
665 1149 799 1228 Namque
826 1153 936 1220 unitas
961 1169 1035 1230 quae
1056 1153 1159 1230 prima
1195 1163 1196 1228 j

181 1242 240 1306 est,
263 1235 380 1298 duobus
401 1235 652 1314 subsequentibus
672 1234 734 1295 sola
757 1243 802 1296 est
822 1237 935 1296 unitate
957 1238 1158 1306 contractior;

183 1322 262 1382 unde
276 1321 350 1382 nihil
366 1323 474 1382 mirum
492 1327 551 1390 est,
574 1327 668 1380 totum
684 1337 818 1380 summae
831 1328 1015 1381 crementum
1031 1324 1159 1400 proprio

183 1409 353 1468 consentire
369 1405 527 1484 principio.
558 1405 638 1464 Haeo
660 1412 760 1464 autern
775 1403 861 1465 nobis
877 1404 1075 1466 consideratio
1092 1423 1159 1467 ma·
1195 1411 1196 1484 ᾗ

144 1507 169 1548 m
183 1493 261 1552 xime
275 1491 464 1570 proderit'in
487 1489 532 1550 his
554 1491 686 1550 numeris
708 1491 936 1568 cognoscendis,
959 1508 1033 1569 quos
1048 1509 1160 1570 super·

182 1576 259 1638 lluos
274 1576 321 1638 vel
335 1576 497 1636 inminutos
512 1573 721 1654 perfectosque
736 1575 978 1636 monstrabimus.
996 1574 1059 1636 lllic
1074 1579 1160 1638 enirn

181 1669 354 1722 coacervata
373 1661 519 1738 quantitas
535 1663 664 1738 partium
681 1663 799 1721 numeri
819 1662 908 1722 totius
929 1662 1055 1721 termino
1072 1679 1161 1722 oom·

182 1753 312 1832 parqtur.
1195 1799 1196 1830 3

238 1828 320 1890 tittud
349 1846 467 1907 quoque
490 1827 572 1910 'nulla
595 1846 752 1907 possumus
779 1828 926 1889 oblivione
940 1830 1161 1901 transmittere,
1195 1867 1196 1892 1

140 1929 168 1969 ao
183 1912 261 1993 quod
277 1915 308 1974 in
325 1913 383 1974 hoo
400 1931 525 1977 numero
540 1913 792 1991 respondentibus
807 1913 865 1974 sihi
878 1915 1003 1974 invicem
1018 1914 1163 1992 partibus
1195 1957 1196 1986 2

183 1998 382 2078 multiplicatis
398 1999 491 2058 maior
507 1999 677 2058 extremitas
697 1998 830 2058 eiusdem
845 1999 964 2058 numeri
979 2015 1163 2078 summaque

182 2073 356 2146 coniicitur)
371 2083 408 2145 Et
422 2085 551 2164 primum
567 2084 593 2142 si
607 2100 695 2160 pares
711 2082 822 2142 inerint
837 2082 1047 2160 dispositiones
1062 2087 1164 2148 medii
1195 2083 1196 2168 1

182 2169 416 2248 multiplicantur
431 2176 517 2248 atque
534 2167 640 2229 deinde
655 2169 706 2247 qui
727 2185 817 2248 super
833 2169 913 2246 ipsos
929 2175 998 2228 sunt
1014 2173 1044 2228 et
1058 2187 1164 2248 usque

182 2255 217 2316 ad
234 2255 421 2335 supradictas
437 2254 645 2316 extremitates.
678 2253 709 2315 Si
731 2254 808 2314 enim
826 2252 936 2314 luerint
951 2269 1040 2332 pares
1054 2253 1162 2332 dispo·
1195 2249 1196 2338 1

141 2353 169 2395 as
183 2341 304 2402 sitiones
320 2341 485 2402 seeundum
507 2346 643 2402 naturam
659 2339 739 2417 paris
755 2337 829 2399 duos
850 2339 878 2398 in
895 2339 993 2399 medio
1010 2340 1164 2402 terminos
1195 2399 1196 2410 ,

181 2425 390 2495 continebunt,
406 2434 440 2486 ut
453 2427 488 2485 in·
501 2443 533 2486 ea
551 2424 745 2502 dispositione
761 2442 965 2494 numerorum,
981 2425 1011 2484 in
1027 2443 1085 2503 qua
1102 2443 1162 2486 ex·

179 2516 293 2570 tremus
308 2511 452 2570 terminus
470 2509 640 2572 ·CXXVlll·
657 2510 767 2570 finitur.
798 2509 831 2570 ln
853 2508 910 2570 hoc
925 2510 1004 2569 enim
1026 2527 1163 2571 numero

180 2592 355 2654 medietates
375 2601 444 2654 sunt
461 2592 554 2654 ·v111·
572 2594 684 2655 scilicet
700 2604 730 2655 et
747 2595 845 2664 ·XVI·‚
869 2595 989 2674 quaein
1006 2611 1037 2654 se
1053 2593 1163 2656 multi·
1195 2589 1196 2672 1

180 2675 306 2754 plicatae
327 2680 446 2738 maioris
469 2697 614 2738 summam
632 2688 785 2741 crescente
800 2679 967 2758 pluralitate
983 2680 1163 2742 conficient.
1195 2679 1196 2726 ἶ

142 2761 281 2822 aoOcties
311 2762 389 2822 enim
422 2763 514 2823 ·XVI·
539 2762 584 2824 vel
609 2764 741 2826 sedecies
769 2765 879 2835 ·Vlll·,
911 2765 935 2824 si
962 2763 1162 2844 multipliceS,

250 2932 263 2979 1
284 2933 461 2984 constantiae
481 2932 631 2984 divinitate
655 2949 686 2997 a,
704 2936 736 2997 b,
757 2935 776 2996 f;
797 2937 886 2986 eodem
903 2936 1020 2986 correaet't
1039 2936 1066 2984 in
1086 2951 1165 2986 con·

181 2997 286 3048 stantia
305 2999 461 3055 divinitatis
480 3002 509 3064 d,
529 3003 687 3052 constantia
705 3001 732 3066 (e
745 3019 839 3054 rasura
851 3003 946 3066 deleto)
966 3001 1114 3053 divinitate
1131 3022 1166 3056 e.
1195 2997 1196 3052 1

179 3065 315 3200 4111111111
339 3085 422 3119 unum
441 3070 461 3119 f.
517 3073 739 3135 bsequanturc.
797 3073 950 3134 liquatuor
968 3069 988 3119 f.
1054 3071 1166 3126 Bouto
1195 3059 1196 3116 1

181 3131 207 3193 d,
227 3133 247 3182 f,
313 3136 517 3200 quindecima,
536 3139 559 3203 1,
583 3155 609 3202 r,
630 3154 651 3188 s.
723 3138 825 3190 9fiunt
848 3155 871 3188 c.
900 3135 912 3205 11
935 3131 1112 3189 sextideoimi
1134 3159 1166 3194 c.

180 3196 189 3267 11
206 3204 314 3252 numeri
327 3205 407 3255 ·XVI·
421 3206 439 3256 1.
463 3202 474 3272 11
499 3207 711 3272 quantitatisa,
730 3206 966 3272 quantitated,l.
1020 3209 1053 3258 10
1067 3209 1166 3262 etiam

181 3271 269 3334 prime
293 3288 320 3334 c,
341 3273 366 3334 f,
391 3289 411 3322 s.
441 3269 453 3341 11
482 3277 629 3342 progenies
657 3277 764 3340 numeri
794 3291 814 3325 s.
914 3277 945 3324 12
968 3277 1167 3339 sequentibus
1195 3323 1196 3340 2

180 3340 272 3390 omisso
291 3340 340 3391 sub
359 3341 392 3406 b,
407 3342 437 3408 d,
456 3344 481 3407 f,
501 3343 519 3393 l.
591 3346 622 3395 16
640 3346 760 3395 minutos
781 3360 803 3394 o.
828 3341 839 3410 11
863 3343 1114 3396 demonstrabimus
1137 3351 1164 3404 f.
1195 3341 1196 3404 Ῐ

179 3402 239 3525 18111
256 3407 360 3528 11111111,
380 3409 398 3459 1.
462 3413 577 3464 23inde
598 3429 629 3478 a,
649 3414 679 3478 d,
699 3412 760 3476 f,1.
814 3411 1196 3478 taparesfuerintqs„

231 3491 294 3527 oco
332 3515 339 3530 .
