2398 3968
179 150 222 217 33
481 151 572 203 mer.
592 151 745 232 amram.
763 151 791 215 1,
811 153 850 204 ιε.

181 341 274 402 usque
294 321 477 391 iaciendum,
499 321 596 400 quoad
618 323 715 384 unitas
734 320 835 384 ultima
853 325 945 386 vicem
961 321 1150 386 retractionis

180 407 323 488 inpediat,
348 415 399 469 aut
420 406 526 485 aliquis
548 424 705 477 numerus,
728 407 813 488 inpar
828 412 1012 476 necessario,
1034 409 1061 469 si
1077 410 1151 470 utri·

180 510 238 572 que
258 494 376 554 numeri
396 493 515 573 inpares
530 499 748 572 proponantur:
769 493 820 554 sed
836 511 919 564 eum,
941 497 993 572 qui
1007 491 1151 573 relinqui·

180 586 242 648 tur,
273 593 431 640 numerum
457 577 512 639 sibi
538 579 593 657 ipsi
619 576 731 638 videbis
758 578 920 658 aequalem.
966 581 1046 656 Ergo
1067 580 1092 639 si
1116 580 1149 640 in

153 678 273 724 sunum
292 663 427 725 incurrat
447 663 574 724 vicissim
597 663 651 723 ista
673 661 849 732 subtractio,
880 666 970 744 primi
990 670 1095 726 contm
1118 683 1151 726 se

180 750 348 810 necessario
364 749 480 810 numeri
496 747 639 808 dicentur
648 758 677 809 et
692 746 772 808 nulla
787 747 842 808 alia
858 767 997 812 mensura
1014 749 1069 808 nisi
1085 747 1149 809 sola

60 849 70 882 a
178 835 290 896 unitate
305 834 472 896 coniuncti!
508 831 625 893 sivero
642 831 678 893 ad
699 831 826 911 ediquem
848 851 1023 902 numerum,
1036 841 1079 920 ,ut
1099 852 1151 894 su-

177 920 279 998 perius
295 918 404 981 dictum
421 925 480 987 cst,
502 917 569 978 finis
589 916 799 979 deminutionis
813 920 989 990 incurrerit,
1014 919 1071 982 erit
1091 937 1150 980 nu·

177 1021 297 1074 merus,
327 1005 378 1082 qui
404 1006 542 1066 metiatur
562 1010 703 1080 utrasque
728 1019 871 1072 summas,
903 1014 991 1085 atque
1018 1003 1151 1067 cundem

138 1108 164 1148 ιο
178 1089 289 1168 ipsum,
311 1089 362 1166 qui
382 1087 573 1156 remanserit,
596 1086 729 1149 dicemus
745 1096 942 1168 utrorumque
957 1106 1151 1154 communem

177 1190 242 1234 esse
257 1189 438 1234 mensuram.

240 1261 301 1336 Age
323 1259 400 1319 enim
423 1258 497 1318 duos
517 1274 658 1318 numeros
679 1259 848 1336 propositos
869 1257 1046 1329 babeamus,
1070 1280 1151 1341 quos

176 1341 334 1404 iubeamur
360 1359 536 1420 agnoscere,
564 1359 600 1402 an
627 1360 678 1402 eos
702 1341 798 1420 aliqua
819 1345 986 1404 communis
1007 1363 1151 1407 mensura

178 1429 328 1495 ursticium
345 1435 432 1506 atque
449 1427 478 1488 hi
493 1429 553 1488 sint
574 1426 681 1488 ·vrffl·
703 1425 815 1488 scilicet
830 1436 860 1488 et
875 1428 1043 1504 ·xxvrm-
1085 1429 1153 1492 Hoc

138 1513 266 1591 usigitur
282 1512 370 1574 modo
386 1513 529 1574 iaciemus
544 1514 729 1592 reciprocam
745 1511 988 1575 deminutionem.
1023 1515 1152 1578 Ausera-

94 1647 98 1655 .
176 1616 242 1659 mus
261 1599 298 1659 de
320 1599 432 1660 maiore
447 1600 608 1666 minorem,
639 1597 696 1658 boc
717 1604 761 1658 est
781 1595 995 1661 (11·111111111·
1019 1617 1154 1661 novena·

175 1683 267 1753 rium,
284 1683 490 1762 relinquentur
507 1682 592 1744 ·XX·
624 1682 665 1744 Ex
683 1681 728 1742 bis
744 1699 816 1760 ergo
833 1682 915 1744 ·XX·
932 1701 1037 1745 rursus
1052 1686 1154 1746 mino·

174 1785 238 1827 rem
255 1766 459 1838 detrahamus,
481 1768 510 1829 id
527 1776 571 1829 est
588 1766 694 1829 ·Viiil·
718 1775 746 1826 et
761 1765 967 1848 relinquentur
986 1768 1058 1830 ·Xi·
1106 1771 1154 1832 Ex

175 1849 222 1913 his
242 1869 346 1912 rursus
367 1852 490 1913 detraho
514 1851 626 1922 ·Viiii«,
650 1851 745 1912 relicti
765 1861 835 1913 sunt
857 1852 901 1912 ·ii.
947 1853 1027 1925 Quos
1048 1855 1074 1914 si
1097 1854 1154 1916 do-

135 1936 262 1997 rotrabo
285 1940 459 2007 novenario,
484 1937 591 2019 reliqui
612 1945 681 1998 sunt
698 1935 795 2005 ·Vii·;
823 1954 896 2016 quos
917 1939 942 1998 si
962 1937 1021 1998 duo
1042 1956 1153 2002 rursus
1194 1935 1195 1961 *

175 2025 343 2103 septenario
365 2024 559 2102 dempserim,
583 2028 743 2102 supersunt
759 2021 819 2089 ·V·‚
843 2031 931 2101 atque
950 2042 986 2082 ex
1007 2022 1052 2082 his
1075 2023 1154 2086 alios
1193 2051 1194 2070 2

175 2107 263 2179 duos,
282 2109 340 2170 ·Iil·
358 2127 462 2170 rursus
479 2107 658 2176 exuberant,
681 2123 755 2184 quos
771 2105 828 2166 aiio
848 2106 963 2168 binario
979 2107 1155 2172 deminutos
1192 2157 1193 2181 ,

174 2193 236 2256 sola
265 2197 361 2257 unitas
391 2203 542 2275 superstes
572 2191 732 2270 egreditur.
777 2189 891 2252 Rursus
916 2193 940 2251 si
968 2209 1003 2254 ex
1030 2191 1155 2257 duobus
1191 2247 1192 2289 1

174 2295 268 2340 unum
297 2281 430 2343 auferam
459 2281 489 2341 in
519 2297 579 2340 uno
609 2276 752 2338 terminus
782 2275 974 2338 detractionis
1000 2277 1153 2349 haerebit,
1190 2351 1191 2358 1

135 2378 264 2441 ecquem
294 2364 421 2425 duorum
450 2363 570 2426 iliorum
599 2377 808 2430 numerorum,
840 2361 871 2422 id
901 2371 946 2424 est
977 2362 1086 2424 ·Vlili·
1124 2375 1155 2426 et
1190 2359 1191 2400 1

1189 2471 1190 2509 1

244 2551 257 2598 1
280 2549 372 2612 quoad
390 2551 415 2598 in
432 2552 511 2599 lituro
528 2549 561 2604 b.
579 2548 609 2608 d;
632 2547 724 2611 quood
746 2554 773 2596 et
793 2561 876 2612 cupra
895 2563 994 2598 uersum
1011 2563 1102 2612 usque
1124 2567 1155 2612 ες
1188 2549 1189 2618 1

173 2630 229 2680 quo
251 2621 280 2667 et
301 2625 442 2668 correctum
459 2620 485 2666 in
508 2631 562 2680 quo
580 2614 625 2667 vel
644 2630 669 2666 a.
744 2617 759 2664 2
782 2615 807 2664 si
828 2631 876 2666 om.
898 2633 921 2668 c.
995 2617 1012 2666 4
1036 2617 1155 2670 videbis

172 2685 229 2748 ipsi
247 2685 302 2735 sier
320 2685 340 2736 r.
368 2680 381 2752 1
409 2685 483 2750 ergo
503 2685 549 2750 qur
567 2684 586 2739 r,
616 2677 628 2750 1
658 2683 687 2732 in
705 2699 751 2735 om.
771 2698 795 2736 c.
865 2686 881 2734 e
902 2684 985 2750 primi
1003 2688 1032 2734 ec
1051 2685 1157 2737 incon·
1186 2659 1188 2752 1

173 2752 260 2816 positi
278 2752 303 2815 f,
326 2767 348 2803 s.
419 2751 504 2802 Biile
525 2753 577 2802 erit
594 2749 617 2812 13
642 2751 695 2800 erit
713 2759 739 2801 et
755 2765 952 2815 supruucrcum
969 2751 1018 2802 ille
1036 2751 1068 2812 d;
1096 2756 1156 2806 erit
1186 2755 1187 2837 1

173 2819 235 2884 ipse
254 2835 276 2873 s.
329 2821 476 2871 9metitur
489 2819 516 2883 d,
528 2820 546 2870 1.
570 2816 582 2887 11
605 2822 737 2883 utrasque
752 2821 778 2868 tn
789 2822 903 2884 marpine
916 2836 938 2873 s.
993 2821 1025 2871 10
1042 2824 1186 2878 utrum·;

171 2901 229 2951 que
248 2904 273 2939 a.
297 2884 310 2955 11
332 2903 393 2939 esse
412 2904 581 2941 communem
600 2887 619 2940 1.
691 2889 722 2937 12
740 2886 799 2951 Age
819 2892 913 2937 autem
932 2889 951 2938 1.
1023 2889 1055 2938 13
1073 2905 1157 2942 men·
1185 2879 1186 2947 1

169 2970 240 3006 sure
258 2958 409 3007 communis
427 2973 452 3019 a,
472 2958 497 3010 b.
569 2957 601 3006 14
619 2956 751 3006 metietur
769 2955 789 3004 1.
814 2951 826 3020 11
852 2961 956 3018 sunto,
976 2954 1075 3019 1,1,1,
1096 2960 1155 3022 ε.11
1183 2953 1185 3058 1

175 3029 203 3073 et
226 3039 273 3078 om.
293 3024 314 3079 1,
385 3028 416 3077 16
437 3024 688 3076 denominationem
712 3031 737 3074 ct
760 3039 841 3087 supra
861 3040 960 3075 uersum
982 3024 1156 3078 deminutio·

174 3124 236 3158 nem
254 3124 276 3164 r.
301 3102 313 3174 11
341 3109 505 3160 Auferemus
524 3111 543 3168 1,
562 3125 583 3163 r.
655 3113 686 3160 16
705 3108 738 3160 de
757 3124 805 3159 om.
824 3121 848 3162 c.
919 3111 951 3160 18
969 3108 1156 3164 detrahemus
1181 3071 1184 3165 1

174 3191 205 3239 a,
228 3176 258 3239 d,
283 3175 309 3240 1,
333 3192 360 3242 r,
387 3193 408 3232 s,
480 3180 511 3229 19
529 3177 581 3228 duo
600 3177 626 3227 d.
696 3179 817 3240 20quos
838 3173 876 3241 si]
901 3179 1052 3228 coniecerim
1075 3182 1155 3240 quod
1180 3173 1183 3276 1

169 3245 207 3295 si.
237 3240 249 3312 11
278 3245 346 3296 duos
365 3247 390 3310 1,
410 3247 453 3298 ·II·
472 3263 501 3309 o,
521 3261 543 3296 r.
613 3246 646 3296 21
669 3244 711 3294 ·II·
730 3260 755 3295 c.
784 3240 797 3309 11
825 3248 882 3294 tres
902 3259 932 3309 c,
950 3245 970 3298 1,
999 3239 1012 3310 11
1041 3257 1155 3299 rursum

174 3328 201 3376 a,
219 3312 247 3378 b,
267 3330 291 3376 c,
311 3313 336 3374 d,
356 3315 376 3378 1,
396 3313 415 3378 1,
434 3329 454 3367 r.
479 3311 491 3374 11
515 3318 682 3378 exsuperent
700 3327 720 3364 s.
745 3308 756 3378 11
780 3312 849 3362 elios
868 3311 893 3372 d,
912 3312 935 3374 l;
954 3311 1011 3363 elio
1029 3327 1077 3366 om.
1098 3314 1152 3382 1,11

170 3381 230 3432 alio
250 3381 356 3433 binario
374 3378 543 3444 dominatos]
559 3382 585 3431 si
603 3379 768 3447 dempserim
786 3380 895 3431 binario
913 3381 941 3436 b.
1016 3382 1050 3432 28
1069 3397 1154 3448 egre-

173 3449 309 3506 dictust,
392 3454 426 3502 24
448 3450 557 3501 herebit
580 3465 609 3513 e,
633 3447 663 3512 d,
689 3449 714 3511 1,
734 3463 760 3512 r,
785 3463 807 3500 s.
889 3451 923 3502 26
945 3447 1057 3500 illorum
1081 3449 1155 3504 duo·

171 3532 232 3568 rum
251 3519 271 3568 1.
