2426 4002
174 129 232 198 m,
477 134 880 199 mmmmumn

177 303 236 365 duo
248 321 350 374 unum,
363 304 511 367 secundus
523 304 687 366 secundum
697 305 814 366 binario
826 307 1010 385 supervadat,
1025 315 1061 368 ut
1074 325 1150 388 qua·

176 388 325 450 ternarius
340 387 496 461 binarium,
516 392 620 452 tertius
632 392 752 452 tertium
763 389 868 462 tribus,
892 401 924 453 ut
935 393 1072 453 senarius
1084 402 1149 454 ter·

176 474 300 544 narium,
308 483 431 554 quartus
440 483 577 552 quartum
587 477 766 552 quaternarii
777 477 986 537 numerositate
995 483 1150 538 transcen·

176 558 234 630 dat,
250 565 283 620 ut
297 558 380 622 ·Vlll·
396 561 632 639 quaternarium,
650 569 679 622 et
694 578 748 639 per
763 559 888 622 eandem
904 563 1003 622 cuncti
1018 579 1149 640 sequen·

148 643 245 704 stiam
261 661 327 706 sese
341 645 465 706 minoris
480 643 646 723 pluralitate
661 653 859 724 praetereant.
906 645 939 706 Si
952 664 1024 706 vero
1040 647 1150 706 tertius

176 727 300 804 angulus
320 731 495 808 aspiciatur,
517 731 568 809 qui
588 730 626 792 ab
649 730 747 792 ·Vllll·
769 728 914 791 inchoans
929 728 1149 808 longitudinem

174 811 418 892 latitudinemque
444 815 564 877 tricenis
584 814 761 876 altrinsecus
787 816 919 876 numeris
941 814 1087 884 extendit,
1118 825 1149 876 et

173 897 222 958 hic
243 916 310 959 cum
332 900 427 977 prima
449 896 603 961 latitudine
619 909 648 960 et
663 899 845 978 longitudine
861 906 1065 979 comparetur,
1093 902 1148 959 tri-

172 981 240 1061 plex
255 985 371 1061 species
386 982 609 1063 multiplicitatis
624 985 755 1046 occurrit
769 986 826 1054 ita,
843 991 877 1044 ut
890 985 946 1044 ista
963 985 1148 1062 comparatio

26 1171 31 1191 2
48 1167 67 1184 ω
98 1067 1149 1230 dtth·'liltttthhttttttdtthtltttlffffl‘tht

89 1228 105 1253 '*
172 1238 249 1297 enim
271 1239 400 1315 primum
423 1238 539 1299 duobus
561 1246 695 1316 superat,
722 1246 755 1298 ut
777 1255 868 1297 unum
891 1231 971 1322 tres]
995 1236 1149 1298 secundus

170 1323 334 1384 seeundum
351 1324 556 1400 quaternario,
569 1316 611 1382 lut
627 1322 773 1383 binarium
790 1312 941 1389 senarius'ss
960 1323 1066 1381 tertius
1081 1330 1147 1382 ter-

171 1409 244 1466 tium
266 1426 332 1482 sex,
356 1415 388 1467 nt
409 1409 574 1468 ternarium
592 1397 785 1475 novenarius't
809 1405 889 1466 etad
906 1405 1034 1466 eundem
1051 1408 1149 1466 ceteri

133 1503 159 1542 1⁵
172 1491 292 1552 modum
313 1493 532 1572 progressionis
553 1500 724 1569 augescunt.
770 1488 863 1559 Quam
892 1507 956 1551 rem
979 1488 1065 1550 nobis
1087 1494 1148 1550 soi·

172 1577 240 1638 licet
261 1579 366 1655 etipsa
382 1575 527 1638 naturalis
543 1575 653 1637 obiecit
668 1577 836 1654 integritas,
862 1573 935 1634 nihil
957 1573 1042 1634 nohis
1058 1582 1146 1636 extra

172 1659 425 1730 machinantibus,
452 1670 484 1720 ut
505 1663 535 1720 in
556 1663 619 1740 ipso
641 1658 760 1722 modulo
784 1660 990 1738 descriptionis
1010 1667 1146 1738 apparet.

172 1745 286 1824 Siquis
307 1747 404 1806 autem
427 1747 525 1822 quarti
546 1744 646 1824 anguli
662 1747 836 1812 terminum,
860 1744 909 1823 qui
926 1741 1008 1803 ·XVl·
1026 1746 1148 1804 numeri

172 1831 333 1908 quantitate
359 1835 477 1890 notatus
498 1838 595 1900 estet
614 1830 829 1908 longitudinem
849 1827 1092 1907 latitudinemque
1115 1830 1147 1888 in

132 1924 159 1964 20
173 1914 378 1994 quadragenos
391 1913 575 1989 determinat,
593 1914 663 1976 velit
677 1911 881 1995 superioribus
893 1928 1077 1990 comparare,
1091 1930 1148 1990 per

173 1999 218 2062 ·X·
234 1999 351 2062 litterae
372 2000 498 2060 lormam
520 2001 715 2079 proportione
735 1996 867 2068 conlata,
889 1994 1046 2075 quadrupli
1069 1997 1147 2058 mul·

170 2084 326 2147 titudinem
358 2083 540 2163 pernotabit,
582 2085 688 2163 hisque
718 2090 762 2145 est
791 2080 963 2143 ordinabilis
992 2097 1083 2158 super
1114 2100 1148 2142 se

241 2307 317 2357 1·II·
338 2305 400 2366 c‚l.
424 2301 437 2372 ll
461 2306 633 2371 ·I·b‚l,s;
657 2301 669 2371 11
693 2298 936 2355 ·Ιῐ·α(1ιιηιιιιιᾱ.
957 2293 969 2364 ll
993 2299 1149 2349 secundum

170 2373 311 2423 secundus
329 2389 351 2428 r,
404 2372 634 2424 doctonmiusf.
687 2372 820 2421 dnovem
839 2383 866 2431 a,
885 2367 910 2430 d,
929 2365 947 2427 l,
966 2381 988 2425 r,
1008 2381 1028 2416 s.
1083 2369 1150 2417 'tet
1189 2369 1190 2381 ¹

174 2439 261 2491 sihio
279 2439 299 2489 f.
370 2443 403 2490 10
420 2440 450 2490 hi
468 2456 553 2504 quoe,
577 2448 717 2491 correctum
741 2441 766 2487 in
783 2437 868 2500 hique
887 2450 916 2485 se
936 2447 961 2486 a.
1033 2432 1063 2482 11
1083 2435 1149 2484 Pri-

173 2503 246 2573 mus]
267 2507 300 2555 In
319 2506 338 2556 f.
358 2509 449 2557 addita
466 2514 504 2556 eet
522 2509 586 2558 hoec
603 2511 702 2573 figura:
1188 2503 1189 2508 ’

180 3314 1149 3385 urmnmmmsnsumnewmn-

180 3385 231 3435 icit
252 3384 277 3446 f,
301 3403 321 3439 s.
392 3393 423 3442 17
446 3388 552 3444 modolo
571 3405 602 3452 e,
627 3389 653 3440 b.
728 3390 760 3438 18
778 3387 899 3439 sedecim
918 3401 947 3445 e,
972 3380 999 3459 d,
1021 3389 1048 3455 ll,
1074 3404 1101 3452 r,
1127 3402 1149 3438 s.
1181 3411 1182 3414 ¹

180 3453 212 3503 19
231 3460 313 3506 nattis
333 3473 356 3507 e.
426 3461 458 3509 22
476 3457 520 3509 his
538 3471 608 3521 quae
627 3464 768 3508 correctum
785 3458 811 3506 iu
830 3456 944 3519 hisque
964 3473 989 3512 a.
